@article{NVM-DLog,
 author = {Wang, Tianzheng and 
  Johnson, Ryan},
 title = {Scalable Logging through Emerging Non-Volatile Memory},
 journal = {PVLDB},
 year = {2014},
}

@article{ERMIA,
	author = {Kangnyeon Kim and Tianzheng Wang and Ryan Johnson and Ippokratis Pandis},
	title = {{ERMIA}: Fast and robust memory-optimized {OLTP}},
	journal = {University of Toronto Technical Report (CSRG-623)},
	year = {2015},
}

@article{KuaFu,
author={Chuntao Hong and Dong Zhou and Mao Yang and Carbo Kuo and Lintao Zhang and Lidong Zhou},
journal = {ICDE},
title={{KuaFu}: Closing the parallelism gap in database replication},
year={2013},
}
