@Comment Ippokratis Pandis
@Comment Bibliography

@Comment address = {Istanbul, Turkey}, 
 @Comment pages = {466--475}, 
@inproceedings{AbadiMDM07, 
 author = {Daniel J. Abadi 
  and Daniel S. Myers 
  and David J. DeWitt 
  and Samuel R. Madden}, 
 title = {Materialization Strategies in a Column-Oriented {DBMS}}, 
 booktitle = {ICDE}, 
 year = {2007}, 
} 

@article{AbtsF12,
  author    = {D. Abts and
               B. Felderman},
  title     = {A guided tour of data-center networking},
  journal   = {CACM},
  volume    = {55},
  number    = {6},
  year      = {2012}
}


@inproceedings{Accetta+86,
 author    = {Michael J. Accetta and
  Robert V. Baron and
  William J. Bolosky and
  David B. Golub and
  Richard F. Rashid and
  Avadis Tevanian and
  Michael Young},
 title     = {Mach: A New Kernel Foundation for {UNIX} Development},
 booktitle = {USENIX Summer},
 year      = {1986},
  pages = {93--112}
}

@inproceedings{AchyutuniON96,
 author = {Achyutuni, Kiran J. and
  Omiecinski, Edward and
  Navathe, Shamkant B.},
 title = {Two techniques for on-line index modification in shared nothing parallel databases},
 booktitle = {SIGMOD},
 year = {1996},
 pages = {125--136}
} 

@article{AgrawalCL87,
 author = {Agrawal, Rakesh and Carey, Michael J. and Livny, Miron},
 title = {Concurrency control performance modeling: alternatives and implications},
 journal = {ACM TODS},
 volume = {12},
 number = {4},
 year = {1987},
 pages = {609--654}
} 

@inproceedings{AilamakiDH01,
 author={Ailamaki, Anastasia and 
  {DeWitt}, David J. and 
  Hill, Mark D.},
 title={Walking Four Machines By The Shore},
 booktitle={CAECW},
 year={2001},
}

@inproceedings{AilamakiDHS01,
 author = {Ailamaki, Anastasia and 
  {DeWitt}, David J. and 
  Hill, Mark D. and 
  Skounakis, Marios},
 title = {Weaving relations for cache performance},
 booktitle = {VLDB},
 year = {2001},
}

@inproceedings{hash84,
 author = {Kjell Bratbergsengen},
 title = {Hashing Methods and Relational Algebra Operations},
 booktitle = {VLDB},
 year = {1984},
}



 @Comment pages = {266--277},
@inproceedings{AilamakiDHW99,
 author = {Ailamaki, Anastasia and 
  {DeWitt}, David J. and 
  Hill, Mark D. and 
  Wood, David A.},
 title = {{DBMS}s on a Modern Processor: Where Does Time Go?},
 booktitle = {VLDB},
 year = {1999},
}


@article{AilamakiJPT13,
 author = {Ailamaki, Anastasia and 
  Johnson, Ryan and 
  Pandis, Ippokratis and 
  T\"oz\"un, Pinar},
 title = {Toward Scalable Transaction Processing - Evolution of {Shore-MT}},
 journal = {PVLDB},
 volume = {6},
 issue = {9},
 year = {2013},
}


 @Comment journal = {Proc. VLDB Endow.},
 @Comment issue_date = {June 2012},
 @Comment month = jun,
 @Comment issn = {2150-8097},
 @Comment numpages = {12},
 @Comment url = {http://dl.acm.org/citation.cfm?id=2336664.2336678},
 @Comment acmid = {2336678},
 @Comment publisher = {VLDB Endowment},
 @Comment pages = {1064--1075},
@article{AlbutiuKN12,
 author = {Albutiu, Martina-Cezara and Kemper, Alfons and Neumann, Thomas},
 title = {Massively parallel sort-merge joins in main memory multi-core database systems},
 journal = {PVLDB},
 volume = {5},
 number = {10},
 year = {2012},
} 

@Comment booktitle = {Proceedings of the 2009 IEEE International Conference on Data Engineering},
@Comment isbn = {978-0-7695-3545-6},
@Comment pages = {341--352},
@Comment numpages = {12},
@Comment doi = {10.1109/ICDE.2009.22},
@Comment acmid = {1547413},
@Comment publisher = {IEEE Computer Society},
@Comment address = {Washington, DC, USA},
@inproceedings{AlomariFR09,
 author = {Alomari, Mohammad and Fekete, Alan and R\"{o}hm, Uwe},
 title = {A Robust Technique to Ensure Serializable Executions with Snapshot Isolation DBMS},
 booktitle = {ICDE},
 year = {2009},
} 

 @Comment booktitle = {Proceedings of the April 18-20, 1967, spring joint computer conference},
 @Comment series = {AFIPS '67 (Spring)},
 @Comment location = {Atlantic City, New Jersey},
 @Comment pages = {483--485},
 @Comment doi = {10.1145/1465482.1465560},
 @Comment acmid = {1465560},
 @Comment publisher = {ACM},
 @Comment address = {New York, NY, USA},
@inproceedings{Amdahl67,
 author = {Amdahl, Gene M.},
 title = {Validity of the single processor approach to achieving large scale computing capabilities},
 booktitle = {AFIPS},
 year = {1967},
}

@Comment Exponentional back-off
@article{Anderson90,
 author = {Anderson, Thomas E.},
 title = {The Performance of Spin Lock Alternatives for Shared-Memory Multiprocessors},
 journal = {IEEE Trans. Parallel Distrib. Syst.},
 volume = {1},
 number = {1},
 year = {1990},
}

@article{Anon85,
 author = {Anon. and others},
 title = {A measure of transaction processing power},
 journal = {Datamation},
 volume = {31},
 number = {7},
 year = {1985},
}


@article{Apers+92,
 author = {Apers, Peter and 
  Van Den Berg, Care and
  Flokstra, Jan and 
  Grefen, Paul and 
  Kersten, Martin and 
  Wilschut, Annita},
 title = {{PRISMA/DB}: A Parallel Main Memory Relational {DBMS}},
 journal = {IEEE TKDE},
 volume = {4},
 year = {1992},
}

 @Comment booktitle = {Proceedings of the 2010 ACM SIGMOD International Conference on Management of data},
 @Comment series = {SIGMOD '10},
 @Comment isbn = {978-1-4503-0032-2},
 @Comment location = {Indianapolis, Indiana, USA},
 @Comment numpages = {12},
 @Comment url = {http://doi.acm.org/10.1145/1807167.1807224},
 @Comment doi = {10.1145/1807167.1807224},
 @Comment acmid = {1807224},
 @Comment publisher = {ACM},
 @Comment address = {New York, NY, USA},
 @Comment pages = {519--530},
@inproceedings{ArumugamDJPP10,
 author = {Arumugam, Subi and 
  Dobra, Alin and 
  Jermaine, Christopher M. and 
  Pansare, Niketan and 
  Perez, Luis},
 title = {The {DataPath} system: a data-centric analytic processing engine for large data warehouses},
 booktitle = {SIGMOD},
 year = {2010},
} 

@Comment month = sep,
@Comment issn = {0004-5411},
@Comment pages = {1020--1048},
@Comment numpages = {29},
@Comment url = {http://doi.acm.org/10.1145/185675.185815},
@Comment doi = {10.1145/185675.185815},
@Comment acmid = {185815},
@Comment publisher = {ACM},
@Comment address = {New York, NY, USA},
@article{AspnesHS94,
 author = {Aspnes, James and Herlihy, Maurice and Shavit, Nir},
 title = {Counting networks},
 journal = {J. ACM},
 volume = {41},
 number = {5},
 year = {1994},
} 

@inproceedings{AttaTAM12,
 author={Atta, Islam and 
  T\"oz\"un, P{\i}nar and 
  Ailamaki, Anastasia and
  Moshovos, Andreas},
 title={Reducing {OLTP} Instruction Misses with Thread Migration},
 booktitle={DaMoN},
 year={2012},
}

 @Comment issue_date = {Jan. 1995},
 @Comment month = {jan},
 @Comment issn = {0004-5411},
 @Comment pages = {124--142},
 @Comment doi = {10.1145/200836.200869},
 @Comment acmid = {200869},
 @Comment publisher = {ACM},
 @Comment address = {New York, NY, USA},
@article{AttiyaBD95,
 author = {Attiya, Hagit and Bar-Noy, Amotz and Dolev, Danny},
 title = {Sharing memory robustly in message-passing systems},
 journal = {J. ACM},
 volume = {42},
 number = {1},
 year = {1995},
} 


@article{BalkesenATT13,
 author = {Cagri Balkesen and Gustavo Alonso and Jens Teubner and Tamer {\"O}zsu},
 title = {Multi-Core, Main-Memory Joins: Sort vs. Hash Revisited},
 journal = {PVLDB},
 year = {2014},
}


@inproceedings{BalkesenTAT13,
 author = {Cagri Balkesen and Jens Teubner and Gustavo Alonso and Tamer {\"O}zsu},
 title = {Main-Memory hash Joins on Multi-Core {CPU}s: Tuning to the Underlying Hardware},
 booktitle = {ICDE},
 year = {2013},
}


 @Comment author={Balmin, Andrey and Beyer, Kevin and Ercegovac, Vuk and McPherson, John and Ozcan, Fatma and Pirahesh, Hamid and Shekita, Eugene and Sismanis, Yiannis and Tata, Sandeep and Tian, Yuanyuan},
 @Comment pages={4:1-4:11},
 @Comment doi={10.1147/JRD.2013.2242693},
 @Comment ISSN={0018-8646},
@article{Balmin+13,
 author={Balmin, Andrey and others},
 journal={IBM Journal of Research and Development},
 title={A platform for {eXtreme Analytics}},
 year={2013},
 volume={57},
 number={3/4},
}

  @Comment pages     = {591-600},
@inproceedings{BaoKL12,
  author    = {Zhuowei Bao and
               Benny Kimelfeld and
               Yunyao Li},
  title     = {Automatic suggestion of query-rewrite rules for enterprise
               search},
  booktitle = {SIGIR},
  year      = {2012},
}



 @Comment pages = {9--14},
@article{Barber+12-SHORT,
 author = {Ronald Barber and others},
 title = {Business Analytics in (a) Blink},
 journal = {IEEE Data Eng. Bull.},
 year = {2012},
}

 @Comment pages = {9--14},
@article{Barber+12,
 author = {Ronald Barber and Peter Bendel and Marco Czech and Oliver Draese and Frederick Ho and Namik Hrle and Stratos Idreos and Min-Soo Kim and Oliver Koeth and Jae-Gil Lee and Tianchao Tim Li and Guy M. Lohman and Konstantinos Morfonios and Rene Mueller and Keshava Murthy and Ippokratis Pandis and Lin Qiao and Vijayshankar Raman and Richard Sidle and Knut Stolze and Sandor Szabo},
 title = {Business Analytics in (a) Blink},
 journal = {IEEE Data Eng. Bull.},
 year = {2012},
}

@inproceedings{Barber+11-SHORT,
 author = {Ronald Barber and others},
 title = {Blink: Not Your Father's Database!},
 booktitle = {BIRTE},
 year = {2011},
}

@inproceedings{Barber+11,
 author = {Ronald Barber and Peter Bendel and Marco Czech and Oliver Draese and Frederick Ho and Namik Hrle and Stratos Idreos and Min-Soo Kim and Oliver Koeth and Jae-Gil Lee and Tianchao Tim Li and Guy M. Lohman and Konstantinos Morfonios and Rene Mueller and Keshava Murthy and Ippokratis Pandis and Lin Qiao and Vijayshankar Raman and Richard Sidle and Knut Stolze and Sandor Szabo},
 title = {Blink: Not Your Father's Database!},
 booktitle = {BIRTE},
 year = {2011},
}

@inproceedings{BarberLMPRW13,
 author = {Ronald Barber and
  Guy M. Lohman and
  Rene Mueller and
  Ippokratis Pandis and
  Vijayshankar Raman and
  Winfried Wilcke},
 title = {Go Server Go: Parallel Computing with Moving Servers},
 booktitle = {SoCC},
 year = {2013},
}


@article{BarrosoH07,
 author = {Barroso, Luiz Andr\'{e} and H\"{o}lzle, Urs},
 title = {The Case for Energy-Proportional Computing},
 journal = {Computer},
 volume = {40},
 issue = {12},
 year = {2007},
}

@inproceedings{Barroso+00,
 author = {Barroso, Luiz Andr\'{e} and 
  Gharachorloo, Kourosh and 
  McNamara, Robert and 
  Nowatzyk, Andreas and 
  Qadeer, Shaz and 
  Sano, Barton and 
  Smith, Scott and 
  Stets, Robert and 
  Verghese, Ben},
 title = {Piranha: a scalable architecture based on single-chip multiprocessing},
 booktitle = {ISCA},
 year = {2000},
}

@inproceedings{BarrosoGB98,
 author = {Barroso, Luiz Andr\'{e} and 
  Gharachorloo, Kourosh and 
  Bugnion, Edouard},
 title = {Memory system characterization of commercial workloads},
 booktitle = {ISCA},
 year = {1998},
 pages = {3--14},
}

 @Comment pages = {29 -- 44},
@inproceedings{Baumann+09,
 author = {Baumann, Andrew and 
  Barham, Paul and 
  Dagand, Pierre-Evariste and 
  Harris, Tim and 
  Isaacs, Rebecca and 
  Peter, Simon and 
  Roscoe, Timothy and 
  Sch\"{u}pbach, Adrian and 
  Singhania, Akhilesh},
 title = {The multikernel: a new {OS} architecture for scalable multicore systems},
 booktitle = {SOSP},
 year = {2009},
} 


 @Comment booktitle = {Proceedings of the 1970 ACM SIGFIDET (now SIGMOD) Workshop on Data Description, Access and Control},
 @Comment series = {SIGFIDET '70},
 @Comment year = {1970},
 @Comment location = {Houston, Texas},
 @Comment pages = {107--141},
 @Comment url = {http://doi.acm.org/10.1145/1734663.1734671},
 @Comment doi = {10.1145/1734663.1734671},
 @Comment acmid = {1734671},
 @Comment publisher = {ACM},
 @Comment address = {New York, NY, USA},
@inproceedings{BayerM70,
 author = {Bayer, Rudolf and 
  McCreight, Edward M.},
 title = {Organization and maintenance of large ordered indices},
 booktitle = {SIGFIDET},
 year = {1970},
} 


@inproceedings{BeckmannW04,
 author = {Beckmann, Bradford M. and 
  Wood, David A.},
 title = {Managing Wire Delay in Large Chip-Multiprocessor Caches},
 booktitle = {IEEE MICRO},
 year = {2004},
 pages = {319--330}
} 

 @Comment booktitle = {Proceedings of the 2012 ACM SIGMOD International Conference on Management of Data},
 @Comment series = {SIGMOD '12},
 @Comment isbn = {978-1-4503-1247-9},
 @Comment location = {Scottsdale, Arizona, USA},
 @Comment pages = {121--132},
 @Comment numpages = {12},
 @Comment url = {http://doi.acm.org/10.1145/2213836.2213851},
 @Comment doi = {10.1145/2213836.2213851},
 @Comment acmid = {2213851},
 @Comment publisher = {ACM},
 @Comment address = {New York, NY, USA},
@inproceedings{BegleyHC12,
 author = {Begley, Steven Keith and He, Zhen and Chen, Yi-Ping Phoebe},
 title = {MCJoin: A Memory-constrained Join for Column-store Main-memory Databases},
 booktitle = {SIGMOD},
 year = {2012},
} 


@inproceedings{BenderFGK05,
 author = {Bender, Michael A. and
 Fineman, Jeremy T. and
 Gilbert, Seth and
 Kuszmaul, Bradley C.},
 title = {Concurrent Cache-Oblivious {B}-trees},
 booktitle = {SPAA},
 year = {2005},
 pages = {228--237}
}


@Comment isbn = {0-89791-731-6},
@Comment pages = {1--10},
@Comment doi = {http://doi.acm.org/10.1145/223784.223785},
@Comment publisher = {ACM},
@Comment address = {New York, NY, USA},
@inproceedings{BerensonGMOO95,
 author = {Berenson, Hal and 
  Bernstein, Phil and 
  Gray, Jim and 
  Melton, Jim and 
  O'Neil, Elizabeth and 
  O'Neil, Patrick},
 title = {A critique of {ANSI SQL} isolation levels},
 booktitle = {SIGMOD},
 year = {1995},
} 


@article{BestgenM07,
 author = {Robert Bestgen and Tom McKinley},
 title = {Taming the Business-Intelligence Monster},
 journal = {IBM Systems Magazine},
 year = {2007},
}


@article{BernsteinG83,
 author = {Bernstein, Philip A. and Goodman, Nathan},
 title = {Multiversion concurrency control---theory and algorithms},
 journal = {ACM TODS},
 volume = {8},
 number = {4},
 year = {1983},
 pages = {465--483},
}

@book{BernsteinHG87,
 author = {Bernstein, Philip A. and Hadzilacos, Vassos and Goodman, Nathan},
 title = {Concurrency control and recovery in database systems},
 publisher = {Addison-Wesley Longman Publishing Co., Inc.},
 address = {Boston, MA, USA},
 year = {1987},
} 

  @Comment pages = {1272-1283}, 
@article{Beyer+12,
  author = {Kevin S. Beyer and Vuk Ercegovac and Rainer Gemulla and Andrey Balmin and Mohamed Y. Eltabakh and
  Carl-Christian Kanne and Fatma {\"O}zcan and Eugene J. Shekita}, 
  title = {Jaql: A Scripting Language for Large Scale Semistructured Data Analysis}, 
  journal = {PVLDB},
  volume = 4,
  number = 12, 
  year = 2011,
}


 @Comment booktitle = {Proceedings of the 2007 ACM SIGMOD international conference on Management of data},
 @Comment series = {SIGMOD '07},
 @Comment isbn = {978-1-59593-686-8},
 @Comment location = {Beijing, China},
 @Comment pages = {199--210},
 @Comment numpages = {12},
 @Comment url = {http://doi.acm.org/10.1145/1247480.1247504},
 @Comment doi = {10.1145/1247480.1247504},
 @Comment acmid = {1247504},
 @Comment publisher = {ACM},
 @Comment address = {New York, NY, USA},
@inproceedings{BeyerHRSG07,
 author = {Beyer, Kevin and 
  Haas, Peter J. and 
  Reinwald, Berthold and 
  Sismanis, Yannis and 
  Gemulla, Rainer},
 title = {On synopses for distinct-value estimation under multiset operations},
 booktitle = {SIGMOD},
 year = {2007},
} 



    @Comment pages = {35--40}, 
    @Comment url = {http://dblp.uni-trier.de/rec/bibtex/journals/debu/BhattacharjeeCLMR10},
    @Comment volume = {33},
@article{BhattaCLMR10,
 author = {Bhattacharjee, Bishwaranjan and 
  Canim, Mustafa and 
  Lang, Christian A. and 
  Mihaila, George A. and 
  Ross, Kenneth A.},
 title = {{Storage Class Memory Aware Data Management}}, 
 journal = {IEEE Data Eng. Bull.}, 
 number = {4},
 year = {2010}
}


 @Comment booktitle = {PACT~'08: Proceedings of the 17th international conference on Parallel architectures and compilation techniques},
 @Comment isbn = {978-1-60558-282-5},
 @Comment pages = {72--81},
 @Comment location = {Toronto, Ontario, Canada},
@inproceedings{BieniaKSL08,
 author = {Bienia, Christian and Kumar, Sanjeev and Singh, Jaswinder Pal and Li, Kai},
 title = {The {PARSEC} benchmark suite: characterization and architectural implications},
 booktitle = {PACT},
 year = {2008},
}


@inproceedings{BlagodurovZFK10,
 author = {Blagodurov, Sergey and 
  Zhuravlev, Sergey and 
  Fedorova, Alexandra and 
  Kamali, Ali},
 title = {A case for {NUMA}-aware contention management on multicore systems},
 booktitle = {PACT},
 year = {2010},
 pages = {557--558}
} 


 @Comment pages = {37--48},
@inproceedings{BlanasLP11,
 author = {Blanas, Spyros and Li, Yinan and Patel, Jignesh M.},
 title = {Design and evaluation of main memory hash join algorithms for multi-core CPUs},
 booktitle = {SIGMOD},
 year = {2011},
}

@article{BlasgenGMP79,
 author = {Blasgen, Mike and 
  Gray, Jim and 
  Mitoma, Mike and 
  Price, Tom},
 title = {The convoy phenomenon},
 journal = {SIGOPS Oper. Syst. Rev.},
 volume = {13},
 number = {2},
 year = {1979},
}

 @Comment issue_date = {July 1970},
 @Comment month = jul,
 @Comment issn = {0001-0782},
 @Comment pages = {422--426},
 @Comment numpages = {5},
 @Comment url = {http://doi.acm.org/10.1145/362686.362692},
 @Comment doi = {10.1145/362686.362692},
 @Comment acmid = {362692},
 @Comment publisher = {ACM},
 @Comment address = {New York, NY, USA},
 @Comment keywords = {hash addressing, hash coding, retrieval efficiency, retrieval trade-offs, scatter storage, searching, storage efficiency, storage layout},
@article{Bloom70,
 author = {Bloom, Burton H.},
 title = {Space/Time Trade-offs in Hash Coding with Allowable Errors},
 journal = {Commun. ACM},
 volume = {13},
 number = {7},
 year = {1970},
} 


 @Comment issue_date = {July 2011},
 @Comment month = jul,
 @Comment issn = {1387-3326},
 @Comment pages = {321--335},
 @Comment numpages = {15},
 @Comment url = {http://dx.doi.org/10.1007/s10796-010-9283-8},
 @Comment doi = {10.1007/s10796-010-9283-8},
 @Comment acmid = {2004540},
 @Comment publisher = {Kluwer Academic Publishers},
 @Comment address = {Hingham, MA, USA},
@article{BogPZ11,
 author = {Bog, Anja and Plattner, Hasso and Zeier, Alexander},
 title = {A mixed transaction processing and operational reporting benchmark},
 journal = {Information Systems Frontiers},
 volume = {13},
 number = {3},
 year = {2011},
} 


 @Comment booktitle = {Proceedings of the Third TPC Technology conference on Topics in Performance Evaluation, Measurement and Characterization},
 @Comment series = {TPCTC'11},
 @Comment year = {2012},
 @Comment isbn = {978-3-642-32626-4},
 @Comment location = {Seattle, WA},
 @Comment pages = {67--82},
 @Comment numpages = {16},
 @Comment url = {http://dx.doi.org/10.1007/978-3-642-32627-1_5},
 @Comment doi = {10.1007/978-3-642-32627-1_5},
 @Comment acmid = {2362921},
 @Comment publisher = {Springer-Verlag},
 @Comment address = {Berlin, Heidelberg},
@inproceedings{BogSZP11,
 author = {Bog, Anja and Sachs, Kai and Zeier, Alexander and Plattner, Hasso},
 title = {Normalization in a mixed {OLTP} and {OLAP} workload scenario},
 booktitle = {TPCTC},
 year = {2011},
}

@Comment MonetDB
 @Comment issn = {0001-0782},
 @Comment pages = {77--85},
 @Comment numpages = {9},
 @Comment url = {http://doi.acm.org/10.1145/1409360.1409380},
 @Comment doi = {http://doi.acm.org/10.1145/1409360.1409380},
 @Comment acmid = {1409380},
 @Comment publisher = {ACM},
 @Comment address = {New York, NY, USA},
 @Comment month = {dec},
 @Comment issue_date = {December 2008},
@article{BonczKM08,
 author = {Boncz, Peter A. and Kersten, Martin L. and Manegold, Stefan},
 title = {Breaking the memory wall in {MonetDB}},
 journal = {Commun. ACM},
 volume = {51},
 issue = {12},
 year = {2008},
} 


@Comment booktitle    = {Proceedings of International conference on verly large data bases (VLDB) 2005},
@Comment publisher    = {Very Large Data Base Endowment},
@inproceedings{BonczZN05,
 author       = {Boncz, Peter and Zukowski, Marcin and Nes, Niels},
 title        = {MonetDB/{X100}: {H}yper-Pipelining Query Execution},
 booktitle    = {VLDB},
 year         = {2005},
}


 @Comment journal = {IEEE Transactions on Knowledge and Data Engineering},
@article{Boral+90,
 author = {Boral, Haran and
  Alexander, William and 
  Clay, Larry and 
  Copeland, George P. and 
  Danforth, Scott and 
  Franklin, Michael J. and 
  Hart, Brian E. and 
  Smith, Marc G. and 
  Valduriez, Patrick},
 title = {Prototyping {Bubba}, A Highly Parallel Database System},
 journal = {IEEE TKDE},
 volume = {2},
 year = {1990},
}


  @Comment pages     = {121-132},
@inproceedings{Bornea+13,
  author    = {Mihaela A. Bornea and
               Julian Dolby and
               Anastasios Kementsietsidis and
               Kavitha Srinivas and
               Patrick Dantressangle and
               Octavian Udrea and
               Bishwaranjan Bhattacharjee},
  title     = {Building an efficient {RDF} store over a relational database},
  booktitle = {SIGMOD},
  year      = {2013},
}

@inproceedings{Bornea+13-SHORT,
  author    = {Mihaela A. Bornea and others},
  title     = {Building an efficient {RDF} store over a relational database},
  booktitle = {SIGMOD},
  year      = {2013},
}


@inproceedings{BouganimJB09,
 author = {Bouganim, Luc and 
  J\'{o}nsson, Bj\"{o}n and 
  Bonnet, Philippe},
 title = {{uFLIP}: Understanding Flash {IO} Patterns},
 booktitle = {CIDR},
 year = {2009},
}

@inproceedings{Boyd+10,
 author = {Boyd-Wickizer, Silas and Clements, Austin T. and Mao, Yandong and Pesterev, Aleksey and Kaashoek, M. Frans and Morris, Robert and Zeldovich, Nickolai},
 title = {An analysis of {Linux} scalability to many cores},
 booktitle = {OSDI},
 year = {2010},
}


@inproceedings{Brewer00,
 author = {Brewer, Eric A.},
 title = {Towards robust distributed systems (abstract)},
 booktitle = {PODC},
 year = {2000},
 pages = {7--7}
} 

@inproceedings{Bridge+97,
 author = {Bridge, William and 
  Joshi, Ashok and 
  Keihl, M. and 
  Lahiri, Tirthankar and 
  Loaiza, Juan and 
  MacNaughton, N.},
 title = {The {O}racle Universal Server Buffer},
 booktitle = {VLDB},
 year = {1997},
}

@inproceedings{Brown10,
 author = {Brown, Paul G.},
 title = {Overview of {SciDB}: large scale array storage, processing and analysis},
 booktitle = {SIGMOD},
 year = {2010},
} 

@article{BugnionDGR97,
 author = {Bugnion, Edouard and 
  Devine, Scott and 
  Govil, Kinshuk and 
  Rosenblum, Mendel},
 title = {{DISCO}: running commodity operating systems on scalable multiprocessors},
 journal = {ACM TOCS},
 volume = {15},
 number = {4},
 year = {1997},
}

@inproceedings{CantrillSL04,
 author = {Cantrill, Bryan M. and 
  Shapiro, Michael W. and 
  Leventhal, Adam H.},
 title = {Dynamic instrumentation of production systems},
 booktitle = {USENIX Annual Technical Conference},
 year = {2004},
}

@inproceedings{Carey+94,
 author = {Carey, Michael J. and 
  {DeWitt}, David J. and 
  Franklin, Michael J. and 
  Hall, Nancy E. and 
  McAuliffe, Mark L. and 
  Naughton, Jeffrey F. and 
  Schuh, Daniel T. and 
  Solomon, Marvin H. and 
  Tan, C. K. and 
  Tsatalos, Odysseas G. and 
  White, Seth J. and 
  Zwilling, Michael J.},
 title = {Shoring up persistent applications},
 booktitle = {SIGMOD},
 year = {1994},
 pages = {383--394},
}


 @Comment booktitle = {Proceedings of the 1995 ACM SIGMOD international conference on Management of data},
 @Comment series = {SIGMOD '95},
 @Comment isbn = {0-89791-731-6},
 @Comment location = {San Jose, California, United States},
 @Comment pages = {460--462},
 @Comment numpages = {3},
 @Comment url = {http://doi.acm.org/10.1145/223784.223876},
 @Comment doi = {10.1145/223784.223876},
 @Comment acmid = {223876},
 @Comment publisher = {ACM},
 @Comment address = {New York, NY, USA},
@inproceedings{BaruF95,
 author = {Baru, Chaitanya and Fecteau, Gilles},
 title = {An overview of {DB2} parallel edition},
 booktitle = {SIGMOD},
 year = {1995},
} 

@inproceedings{ChakrabortyWS06,
 author = {Chakraborty, Koushik and 
 Wells, Philip M. and 
 Sohi, Gurindar S.},
 title = {Computation spreading: employing hardware migration to specialize CMP cores on-the-fly},
 booktitle = {ASPLOS},
 year = {2006},
 pages = {283--292},
}


 @Comment booktitle = {Proceedings of the 7th USENIX Symposium on Operating Systems Design and Implementation - Volume 7},
 @Comment series = {OSDI '06},
 @Comment location = {Seattle, WA},
 @Comment pages = {15--15},
 @Comment url = {http://dl.acm.org/citation.cfm?id=1267308.1267323},
 @Comment acmid = {1267323},
 @Comment publisher = {USENIX Association},
 @Comment address = {Berkeley, CA, USA},
@inproceedings{Chang+06,
 author = {Fay Chang and 
  Jeffrey Dean and 
  Sanjay Ghemawat and 
  Wilson C. Hsieh and 
  Deborah A. Wallach and 
  Mike Burrows and 
  Tushar Chandra and 
  Andrew Fikes and 
  Robert E. Gruber},
 title = {Bigtable: A distributed storage system for structured data},
 booktitle = {OSDI},
 year = {2006},
}


@article{Chaudhry+09,
 author = {Chaudhry, Shailender and 
  Cypher, Robert and 
  Ekman, Magnus and 
  Karlsson, Martin and 
  Landin, Anders and 
  Yip, Sherman and 
  Zeffer, Hakan and 
  Tremblay, Marc},
 title = {Rock: A High-Performance Sparc {CMT} Processor},
 journal = {IEEE Micro},
 volume = {29},
 number = {2},
 year = {2009},
}

@inproceedings{Chen09,
 author    = {Chen, Shimin},
 title     = {Flash{L}ogging: exploiting flash devices for synchronous logging performance},
 booktitle = {SIGMOD},
 year      = {2009},
 pages = {73--86}
 }

 @Comment pages = {5--10},
@article{Chen+10,
 author = {Chen, Shimin and 
  Ailamaki, Anastasia and 
  Athanassoulis, Manos and 
  Gibbons, Phillip B. and 
  Johnson, Ryan and 
  Pandis, Ippokratis and 
  Stoica, Radu},
 title = {{TPC-E} vs. {TPC-C}: Characterizing the New {TPC-E} Benchmark via an {I/O} Comparison Study},
 journal = {SIGMOD Record},
 volume = {39},
 issue = {4},
 year = {2010},
} 

 @Comment issue_date = {August 2007},
 @Comment month = {aug}
 @Comment issn = {0362-5915},
 @Comment doi = {10.1145/1272743.1272747},
 @Comment acmid = {1272747},
 @Comment publisher = {ACM},
 @Comment address = {New York, NY, USA},
@article{ChenAGM07,
 author = {Chen, Shimin and Ailamaki, Anastassia and Gibbons, Phillip B. and Mowry, Todd C.},
 title = {Improving hash join performance through prefetching},
 journal = {ACM Trans. Database Syst.},
 volume = {32},
 number = {3},
 year = {2007},
}

 @Comment booktitle = {Proceedings of the 2002 ACM SIGMOD international conference on Management of data},
 @Comment series = {SIGMOD '02},
 @Comment isbn = {1-58113-497-5},
 @Comment location = {Madison, Wisconsin},
 @Comment numpages = {12},
 @Comment doi = {http://doi.acm.org/10.1145/564691.564710},
 @Comment acmid = {564710},
 @Comment publisher = {ACM},
 @Comment address = {New York, NY, USA},
@inproceedings{ChenGMV02,
 author = {Chen, Shimin and Gibbons, Phillip B. and Mowry, Todd C. and Valentin, Gary},
 title = {Fractal prefetching {B+-Trees}: optimizing both cache and disk performance},
 booktitle = {SIGMOD},
 year = {2002},
 pages = {157--168},
}

  @Comment pages     = {128-137},
@inproceedings{ChiticariuKLRRV10,
  author    = {Laura Chiticariu and
               Rajasekar Krishnamurthy and
               Yunyao Li and
               Sriram Raghavan and
               Frederick Reiss and
               Shivakumar Vaithyanathan},
  title     = {{SystemT}: An Algebraic Approach to Declarative Information
               Extraction},
  booktitle = {ACL},
  year      = {2010},
}



  @Comment ee        = {http://doi.acm.org/10.1145/2018436.2018448},
  @Comment pages     = {98-109},
@inproceedings{ChowdhuryZMJS11,
  author    = {Mosharaf Chowdhury and
               Matei Zaharia and
               Justin Ma and
               Michael I. Jordan and
               Ion Stoica},
  title     = {Managing data transfers in computer clusters with orchestra},
  booktitle = {SIGCOMM},
  year      = {2011},
}



 @Comment booktitle = {Proceedings of the 33rd international conference on Very large data bases},
 @Comment series = {VLDB '07},
 @Comment isbn = {978-1-59593-649-3},
 @Comment location = {Vienna, Austria},
 @Comment numpages = {12},
 @Comment url = {http://dl.acm.org/citation.cfm?id=1325851.1325893},
 @Comment publisher = {VLDB Endowment},
 @Comment pages = {339--350},
@inproceedings{CieslewiczR07,
 author = {Cieslewicz, John and Ross, Kenneth A.},
 title = {Adaptive aggregation on chip multiprocessors},
 booktitle = {VLDB},
 year = {2007},
} 

@Comment booktitle = {Proceedings of the 2010 ACM SIGMOD International Conference on Management of data},
@Comment series = {SIGMOD '10},
@Comment isbn = {978-1-4503-0032-2},
@Comment location = {Indianapolis, Indiana, USA},
@Comment numpages = {12},
@Comment doi = {10.1145/1807167.1807221},
@Comment publisher = {ACM},
@Comment address = {New York, NY, USA},
 @Comment pages = {483--494},
@inproceedings{CieslewiczRKY10,
 author = {Cieslewicz, John and Ross, Kenneth A. and Satsumi, Kyoho and Ye, Yang},
 title = {Automatic contention detection and amelioration for data-intensive operations},
 booktitle = {SIGMOD},
 year = {2010},
}

 @Comment month = {August},
 @Comment issn = {1012-2443},
 @Comment pages = {171--206},
 @Comment numpages = {36},
@article{ClarkM04,
 author = {Clark, K. L. and McCabe, F. G.},
 title = {Go! A Multi-Paradigm Programming Language for Implementing Multi-Threaded Agents},
 journal = {Annals of Mathematics and Artificial Intelligence},
 volume = {41},
 issue = {2-4},
 year = {2004},
}


 @Comment booktitle = {Proceedings of the Fourth International Workshop on Testing Database Systems},
 @Comment series = {DBTest '11},
 @Comment isbn = {978-1-4503-0655-3},
 @Comment location = {Athens, Greece},
 @Comment pages = {8:1--8:6},
 @Comment articleno = {8},
 @Comment numpages = {6},
 @Comment url = {http://doi.acm.org/10.1145/1988842.1988850},
 @Comment doi = {10.1145/1988842.1988850},
 @Comment acmid = {1988850},
 @Comment publisher = {ACM},
 @Comment address = {New York, NY, USA},
@inproceedings{Cole+11,
 author = {Cole, Richard and Funke, Florian and Giakoumakis, Leo and Guy, Wey and Kemper, Alfons and Krompass, Stefan and Kuno, Harumi and Nambiar, Raghunath and Neumann, Thomas and Poess, Meikel and Sattler, Kai-Uwe and Seibold, Michael and Simon, Eric and Waas, Florian},
 title = {The mixed workload {CH}-ben{CH}mark},
 booktitle = {DBTest},
 year = {2011},
}

@inproceedings{ColohanASM05,
 author = {Colohan, Christopher B. and 
  Ailamaki, Anastasia and 
  Steffan, J. Gregory and 
  Mowry, Todd C.},
 title = {Optimistic intra-transaction parallelism on chip multiprocessors},
 booktitle = {VLDB},
 year = {2005},
}

@inproceedings{CopelandK85,
 author = {Copeland, George P. and 
  Khoshafian, Setrag N.},
 title = {A decomposition storage model},
 booktitle = {SIGMOD},
 year = {1985},
}

@techreport{Craig93,
 author={Craig, Travis S.},
 institution={University of Washington, Department of Computer Science},
 title={Building {FIFO} and priority-queueing spin locks from atomic swap},
 number = {TR 93-02-02},
 type={Technical Report},
 year={1993},
}


@article{CrovellaB97,
 author = {Crovella, Mark E. and 
  Bestavros, Azer},
 title = {Self-similarity in World Wide Web traffic: evidence and possible causes},
 journal = {IEEE/ACM Trans. Netw.},
 volume = {5},
 issue = {6},
 year = {1997},
} 

@article{CurinoJZM10,
 author = {Curino, Carlo and 
  Jones, Evan and 
  Zhang, Yang and 
  Madden, Sam},
 title = {Schism: a workload-driven approach to database replication and partitioning},
 journal = {PVLDB},
 volume = {3},
 issue = {1-2},
 year = {2010},
 pages = {48--57}
} 


 @Comment issue_date = {Dec. 1987},
 @Comment month = dec,
 @Comment issn = {0163-5808},
 @Comment pages = {82--96},
 @Comment numpages = {15},
 @Comment url = {http://doi.acm.org/10.1145/38714.38728},
 @Comment doi = {10.1145/38714.38728},
 @Comment acmid = {38728},
 @Comment publisher = {ACM},
 @Comment address = {New York, NY, USA},
@article{DanielsST87,
 author = {Daniels, Dean S. and 
  Spector, Alfred Z. and 
  Thompson, Dean S.},
 title = {Distributed logging for transaction processing},
 journal = {{SIGMOD Rec.}},
 volume = {16},
 number = {3},
 year = {1987},
} 

@article{DasAAA09,
 author = {Das, Sudipto and
  Antony, Shyam and
  Agrawal, Divyakant and
  El Abbadi, Amr},
 title = {Thread cooperation in multicore architectures for frequency counting over multiple data streams},
 journal = {PVLDB},
 volume = {2},
 issue = {1},
 year = {2009},
 pages = {217--228}
}

 @Comment author = {Das, Sudipto and Sismanis, Yannis and Beyer, Kevin S. and Gemulla, Rainer and Haas, Peter J. and McPherson, John},
 @Comment booktitle = {Proceedings of the 2010 ACM SIGMOD International Conference on Management of data},
 @Comment series = {SIGMOD '10},
 @Comment isbn = {978-1-4503-0032-2},
 @Comment location = {Indianapolis, Indiana, USA},
 @Comment pages = {987--998},
 @Comment numpages = {12},
 @Comment url = {http://doi.acm.org/10.1145/1807167.1807275},
 @Comment doi = {10.1145/1807167.1807275},
 @Comment acmid = {1807275},
 @Comment publisher = {ACM},
 @Comment address = {New York, NY, USA},
@inproceedings{Das+10,
 author = {Das, Sudipto and Sismanis, Yannis and Beyer, Kevin S. and Gemulla, Rainer and Haas, Peter J. and McPherson, John},
 title = {Ricardo: integrating {R} and {Hadoop}},
 year = {2010},
 booktitle = {SIGMOD},
}


 @Comment booktitle = {Proceedings of the 14th International Conference on Parallel Architectures and Compilation Techniques},
 @Comment series = {PACT '05},
 @Comment year = {2005},
 @Comment isbn = {0-7695-2429-X},
 @Comment pages = {51--62},
 @Comment url = {http://dx.doi.org/10.1109/PACT.2005.42},
 @Comment doi = {10.1109/PACT.2005.42},
 @Comment acmid = {1092200},
 @Comment publisher = {IEEE Computer Society},
 @Comment address = {Washington, DC, USA},
@inproceedings{DavisLO05,
 author = {Davis, John D. and Laudon, James and Olukotun, Kunle},
 title = {Maximizing {CMP} Throughput with Mediocre Cores},
 booktitle = {PACT},
 year = {2005},
}


 @Comment booktitle = {Proceedings of the 6th conference on Symposium on Opearting Systems Design \& Implementation - Volume 6},
 @Comment series = {OSDI'04},
 @Comment location = {San Francisco, CA},
 @Comment pages = {10--10},
 @Comment numpages = {1},
 @Comment url = {http://dl.acm.org/citation.cfm?id=1251254.1251264},
 @Comment acmid = {1251264},
 @Comment publisher = {USENIX Association},
 @Comment address = {Berkeley, CA, USA},
@inproceedings{DeanG04,
 author = {Dean, Jeffrey and 
  Ghemawat, Sanjay},
 title = {{MapReduce}: simplified data processing on large clusters},
 booktitle = {OSDI},
 year = {2004},
}

 @Comment issue_date = {December 2007},
 @Comment month = oct,
 @Comment issn = {0163-5980},
 @Comment pages = {205--220},
 @Comment url = {http://doi.acm.org/10.1145/1323293.1294281},
 @Comment doi = {10.1145/1323293.1294281},
 @Comment acmid = {1294281},
 @Comment publisher = {ACM},
 @Comment address = {New York, NY, USA},
@article{Decandia+07,
 author = {DeCandia, Giuseppe and 
  Hastorun, Deniz and 
  Jampani, Madan and 
  Kakulapati, Gunavardhan and 
  Lakshman, Avinash and 
  Pilchin, Alex and 
  Sivasubramanian, Swaminathan and 
  Vosshall, Peter and 
  Vogels, Werner},
 title = {{Dynamo}: {A}mazon's highly available key-value store},
 journal = {SIGOPS Oper. Syst. Rev.},
 volume = {41},
 number = {6},
 year = {2007},
}

@article{DeMicheliG97,
 author = {{De Micheli}, Giovanni and Gupta, Rajesh K.},
 title = {Hardware/Software Co-Design},
 journal = {IEEE MICRO},
 volume = {85},
 year = {1997},
}

 @Comment journal = {IEEE Transactions on Knowledge and Data Engineering - TKDE},
 @Comment pages = {44--62},	     
@article{Dewitt+90-SHORT,
 author = {{DeWitt}, D. J. and others},
 title = {The {Gamma} Database Machine Project},
 journal = {IEEE TKDE},
 volume = {2},
 number = {1},
 year = {1990},
}

 @Comment journal = {IEEE Transactions on Knowledge and Data Engineering - TKDE},
 @Comment pages = {44--62}	     
@article{Dewitt+90,
 author = {Dewitt, David J. and 
  Ghandeharizadeh, Shahram and 
  Schneider, Donovan A. and 
  Bricker, Allan and 
  Hsiao, Hui-I and 
  Rasmussen, Rick},
 title = {The {Gamma} Database Machine Project},
 journal = {IEEE TKDE},
 volume = {2},
 number = {1},
 year = {1990},
}

 @Comment journal = {Commun. ACM},
@article{DeWittG92,
 author = {{DeWitt}, David J. and Gray, Jim},
 title = {Parallel database systems: the future of high performance database systems},
 journal = {CACM},
 volume = {35},
 issue = {6},
 year = {1992},
} 

@Comment Hybrid Hash Join
@inproceedings{DeWittKOSSW84,
 author    =  {{DeWitt}, David J. and 
  Katz, Randy H. and 
  Olken, Frank and 
  Shapiro, Leonard D. and 
  Stonebraker, Michael R. and 
  Wood, David A.},
 title     = {Implementation Techniques for Main Memory Database Systems},
 booktitle = {SIGMOD},
 year      = {1984},
}

 @Comment booktitle = {Proceedings of the 2013 ACM SIGMOD International Conference on Management of Data},
 @Comment series = {SIGMOD '13},
 @Comment isbn = {978-1-4503-2037-5},
 @Comment location = {New York, New York, USA},
 @Comment pages = {1243--1254},
 @Comment numpages = {12},
 @Comment url = {http://doi.acm.org/10.1145/2463676.2463710},
 @Comment doi = {10.1145/2463676.2463710},
 @Comment acmid = {2463710},
 @Comment publisher = {ACM},
 @Comment address = {New York, NY, USA},
@inproceedings{Diaconu+13,
 author = {Diaconu, Cristian and Freedman, Craig and Ismert, Erik and Larson, Per-Ake and Mittal, Pravin and Stonecipher, Ryan and Verma, Nitin and Zwilling, Mike},
 title = {Hekaton: {SQL Server}'s Memory-optimized {OLTP} Engine},
 booktitle = {SIGMOD},
 year = {2013},
} 

@inproceedings{DiaoHSSLPG04,
 author = {Yixin Diao and
    Joseph L. Hellerstein and
    Adam J. Storm and
    Maheswaran Surendra and
    Sam Lightstone and
    Sujay Parekh and
    Christian Garcia-Arellano},
 title = {Incorporating Cost of Control into the Design of a Load Balancing Controller},
 booktitle = {RTAS},
 year = {2004},
}

 @Comment booktitle = {Proceedings of the 14th international conference on Architectural support for programming languages and operating systems},
 @Comment series = {ASPLOS '09},
 @Comment isbn = {978-1-60558-406-5},
 @Comment location = {Washington, DC, USA},
 @Comment pages = {157--168},
 @Comment numpages = {12},
 @Comment doi = {http://doi.acm.org/10.1145/1508244.1508263},
 @Comment acmid = {1508263},
 @Comment publisher = {ACM},
 @Comment address = {New York, NY, USA},
@inproceedings{DiceLMN09,
 author = {Dice, Dave and Lev, Yossi and Moir, Mark and Nussbaum, Daniel},
 title = {Early experience with a commercial hardware transactional memory implementation},
 booktitle = {ASPLOS},
 year = {2009},
} 


@inproceedings{DittrichJ11,
 author = {Jens Dittrich and 
  Alekh Jindal},
 title = {Towards a One Size Fits All Database Architecture},
 booktitle = {CIDR},
 year = {2011},
}


 @Comment booktitle = {Proceedings of the ACM SIGOPS 22nd symposium on Operating systems principles},
 @Comment series = {SOSP '09},
 @Comment isbn = {978-1-60558-752-3},
 @Comment location = {Big Sky, Montana, USA},
 @Comment pages = {15--28},
 @Comment numpages = {14},
 @Comment url = {http://doi.acm.org/10.1145/1629575.1629578},
 @Comment doi = {10.1145/1629575.1629578},
 @Comment acmid = {1629578},
 @Comment publisher = {ACM},
 @Comment address = {New York, NY, USA},
@inproceedings{Dobrescu+09,
 author = {Dobrescu, Mihai and Egi, Norbert and Argyraki, Katerina and Chun, Byung-Gon and Fall, Kevin and Iannaccone, Gianluca and Knies, Allan and Manesh, Maziar and Ratnasamy, Sylvia},
 title = {RouteBricks: exploiting parallelism to scale software routers},
 booktitle = {SOSP},
 year = {2009},
} 


@techreport{DonjerkovicIR99,
 author = {Donjerkovic, Donko and
  Ioannidis, Yannis and
  Ramakrishnan, Raghu},
 institution={UW-Madison, Department of Computer Science},
 title={Dynamic Histograms: Capturing Evolving Data Sets},
 number = {TR 99-1396},
 type={Technical Report},
 year={1999},
}

@inproceedings{DonjerkovicIR00,
 author = {Donko Donjerkovic and
  Yannis E. Ioannidis and
  Raghu Ramakrishnan},
 title     = {Dynamic Histograms: Capturing Evolving Data Sets},
 booktitle = {ICDE},
 year      = {2000},
 pages     = {86}
}


 @Comment booktitle={TRANSACT'08: Proceedings of the 3rd ACM SIGPLAN Workshop on Languages, Compilers, and Hardware Support for Transactional Computing},   
 @Comment location={Salt Lake City, Utah, United States},
 @Comment publisher={ACM},
@inproceedings{DragojevicGK08,
 author = {Aleksandar Dragojevic and Rachid Guerraoui and Michal Kapalka},
 title={Dividing Transactional Memories by Zero},
 booktitle={TRANSACT},
 year={2008},
}


  @Comment pages     = {89-100},
@inproceedings{Eltabakh+13,
  author    = {Mohamed Eltabakh and Fatma {\"O}zcan and Yannis Sismanis and Peter Haas and Jan Vondrak and Hamid Pirahesh},
  title     = {Eagle-eyed elephant: split-oriented indexing in Hadoop},
  booktitle = {EDBT},
  year      = {2013},
}

 @Comment pages = {575-585}, 
@article{Eltabakh+11,
 author = {Mohamed Eltabakh and Yuanyuan Tian and Fatma {\"O}zcan and Rainer Gemulla and  Aljoscha Krettek and John McPherson},
 title = {CoHadoop: Flexible Data Placement And Its Exploitation in {Hadoop}},
 journal = {PVLDB},
 volume = 4,
 number = 9, 
 year = 2011,
}



@inproceedings{EnglerKO95,
 title = {{E}xokernel: an operating system architecture for application-level resource management},
 author = {Dawson R. Engler and M. Frans Kaashoek and James {O'Toole Jr.}},
 booktitle = {SOSP},
 year = {1995},
 pages = {251--266},
}


 @Comment booktitle = {Proceedings of the 38th annual international symposium on Computer architecture},
 @Comment series = {ISCA '11},
 @Comment isbn = {978-1-4503-0472-6},
 @Comment location = {San Jose, California, USA},
 @Comment doi = {10.1145/2000064.2000108},
 @Comment acmid = {2000108},
 @Comment publisher = {ACM},
 @Comment address = {New York, NY, USA},
 @Comment pages = {365--376},
@inproceedings{EsmaeilzadehBSSB11,
 author = {Esmaeilzadeh, Hadi and 
  Blem, Emily and 
  St. Amant, Renee and 
  Sankaralingam, Karthikeyan and 
  Burger, Doug},
 title = {Dark silicon and the end of multicore scaling},
 booktitle = {ISCA},
 year = {2011},
} 


@inproceedings{EyermanEKS06,
 author = {Eyerman, Stijn and
  Eeckhout, Lieven and
  Karkhanis, Tejas and
  Smith, James E.},
 title = {A performance counter architecture for computing accurate CPI components},
 booktitle = {ASPLOS},
 year = {2006},
 pages = {175--184},
}



  @Comment pages     = {273-284},
@inproceedings{FaginKLRV10,
  author    = {Ronald Fagin and
               Benny Kimelfeld and
               Yunyao Li and
               Sriram Raghavan and
               Shivakumar Vaithyanathan},
  title     = {Understanding queries in a search database system},
  booktitle = {PODS},
  year      = {2010},
}

@inproceedings{FaginKLRV10-SHORT,
  author    = {Ronald Fagin and others},
  title     = {Understanding queries in a search database system},
  booktitle = {PODS},
  year      = {2010},
}

  @Comment pages     = {271-282}, 
@inproceedings{FaginKLRV11,
  author    = {Ronald Fagin and
               Benny Kimelfeld and
               Yunyao Li and
               Sriram Raghavan and
               Shivakumar Vaithyanathan},
  title     = {Rewrite rules for search database systems},
  booktitle = {PODS},
  year      = {2011},
}


  @Comment pages     = {37-48},
@inproceedings{FaginKRV13,
  author    = {Ronald Fagin and
               Benny Kimelfeld and
               Frederick Reiss and
               Stijn Vansummeren},
  title     = {Spanners: a formal framework for information extraction},
  booktitle = {PODS},
  year      = {2013},
}



@Comment issn = {0362-5915},
@Comment pages = {315--344},
@Comment numpages = {30},
@Comment doi = {http://doi.acm.org/10.1145/320083.320092},
@Comment acmid = {320092},
@Comment publisher = {ACM},
@Comment address = {New York, NY, USA},
@Comment journal = {ACM Trans. Database Syst.},
@Comment month = {September},
@article{FaginNPS79,
 author = {Fagin, Ronald and 
  Nievergelt, Jurg and 
  Pippenger, Nicholas and 
  Strong, H. Raymond},
 title = {Extendible hashing--a fast access method for dynamic files},
 journal = {ACM TODS},
 volume = {4},
 issue = {3},
 year = {1979},
}

@Comment SAP HANA - DE Bulletin
@Comment pages     = {28-33},
@Comment ee        = {http://sites.computer.org/debull/A12mar/hana.pdf},
@Comment bibsource = {DBLP, http://dblp.uni-trier.de}
@article{Farber+12,
 author    = {Franz F{\"a}rber and
              Norman May and
              Wolfgang Lehner and
              Philipp Gro{\ss}e and
              Ingo M{\"u}ller and
              Hannes Rauhe and
              Jonathan Dees},
  title    = {The {SAP HANA} Database -- An Architecture Overview},
  journal  = {IEEE Data Eng. Bull.},
  volume   = {35},
  number   = {1},
  year     = {2012},
}

@inproceedings{Ferdman+12,
 author = {Ferdman, Michael and
           Adileh, Almutaz and
           Kocberber, Onur and
           Volos, Stavros and
	   Alisafaee, Mohammad and
	   Jevdjic, Djordje and
	   Kaynak, Cansu and
	   Popescu, Adrian Daniel and
	   Ailamaki, Anastasia and
	   Falsafi, Babak},
 title = {Clearing the {C}louds: {A} {S}tudy of {E}merging {S}cale-out {W}orkloads on {M}odern {H}ardware},
 year  = 2012,
 booktitle   = {ASPLOS},
 pages     = {37-48},
}

@article{FishmanLW84,
 author = {Fishman, Daniel H. and Lai, Ming-Yee and Wilkinson, Kevin W.},
 title = {Overview of the Jasmin database machine},
 journal = {SIGMOD Rec.},
 volume = {14},
 number = {2},
 year = {1984},
} 

@inproceedings{FomitchevR04,
 author = {Fomitchev, Mikhail and Ruppert, Eric},
 title = {Lock-free linked lists and skip lists},
 booktitle = {PODC},
 year = {2004},
}

@inproceedings{FotakisPSS03,
 author = {Fotakis, Dimitris and 
  Pagh, Rasmus and 
  Sanders, Peter and 
  Spirakis, Paul G.},
 title = {Space Efficient Hash Tables with Worst Case Constant Access Time},
 booktitle = {STACS},
 year = {2003},
}


@inproceedings{GaoHPSA06,
 author = {Gao, Kun and 
  Harizopoulos, Stavros and
  Pandis, Ippokratis and
  Shkapenyuk, Vladislav and
  Ailamaki, Anastasia},
 title = {Simultaneous Pipelining in QPipe: Exploiting Work Sharing Opportunities Across Queries},
 booktitle = {ICDE},
 year      = {2006},
}

@article{GarciaS87,
 author = {Garcia-Molina, Hector and Salem, Kenneth},
 title = {Sagas},
 journal = {SIGMOD Rec.},
 volume = {16},
 number = {3},
 year = {1987},
}

@Comment %% R. Garner et al. Scalable computer system having surface-mounted capacitive couplers for intercommunication. US patent 7038553 B2.
@misc{GarnerWRK06,
 author = {Robert Barton Garner and Winfried Wolfgang Wilcke and Barry Jay Rubin and Howard Kahn},
 title = {Scalable computer system having surface-mounted capacitive couplers for intercommunication},
 year = {2006},
 number = {US 7038553 B2},
 howpublished = {US Patent 7038553 B2},
 type = {Patent},
 location = {US}
}


@article{GawlickK85,
 author = {Gawlick, Dieter and
  Kinkade, David},
 title = {Varieties of Concurrency Control in {IMS}/{VS} Fast Path},
 journal = {{IEEE} Database Engineering Bulletin},
 volume = {8},
 number = {2},
 year      = {1985},
}

 @Comment booktitle = {Proceedings of the 17th ACM SIGKDD international conference on Knowledge discovery and data mining},
 @Comment series = {KDD '11},
 @Comment isbn = {978-1-4503-0813-7},
 @Comment location = {San Diego, California, USA},
 @Comment pages = {69--77},
 @Comment numpages = {9},
 @Comment url = {http://doi.acm.org/10.1145/2020408.2020426},
 @Comment doi = {10.1145/2020408.2020426},
 @Comment acmid = {2020426},
 @Comment publisher = {ACM},
 @Comment address = {New York, NY, USA},
@inproceedings{GemullaNHS11,
 author = {Gemulla, Rainer and Nijkamp, Erik and Haas, Peter J. and Sismanis, Yannis},
 title = {Large-scale matrix factorization with distributed stochastic gradient descent},
 booktitle = {KDD},
 year = {2011},
}

  @Comment pages     = {231-242},
  @Comment ee        = {http://doi.ieeecomputersociety.org/10.1109/ICDE.2011.5767930},
  @Comment crossref  = {DBLP:conf/icde/2011},
@inproceedings{GhotingKPRSTTV11,
  author    = {Amol Ghoting and
               Rajasekar Krishnamurthy and
               Edwin P. D. Pednault and
               Berthold Reinwald and
               Vikas Sindhwani and
               Shirish Tatikonda and
               Yuanyuan Tian and
               Shivakumar Vaithyanathan},
  title     = {{SystemML}: Declarative machine learning on MapReduce},
  booktitle = {ICDE},
  year      = {2011},
}

@inproceedings{GhotingKPRSTTV11-SHORT,
  author    = {Amol Ghoting and others},
  title     = {{SystemML}: Declarative machine learning on MapReduce},
  booktitle = {ICDE},
  year      = {2011},
}


@article{GibbonsMP02,
 author = {Gibbons, Phillip B. and
  Matias, Yossi and
  Poosala, Viswanath},
 title = {Fast incremental maintenance of approximate histograms},
 journal = {ACM TODS},
 volume = {27},
 issue = {3},
 year = {2002},
 pages = {261--298}
} 

@article{GilbertL02,
 author = {Gilbert, Seth and Lynch, Nancy},
 title = {Brewer's conjecture and the feasibility of consistent, available, partition-tolerant web services},
 journal = {SIGACT News},
 volume = {33},
 issue = {2},
 year = {2002},
} 

@inproceedings{GottemukkalaL92,
 author = {Gottemukkala, Vibby and Lehman, Tobin J.},
 title = {Locking and Latching in a Memory-Resident Database System},
 booktitle = {VLDB},
 year = {1992},
}

@misc{GrahamSHS09,
 author={Graham, Colleen and 
  Sood, Bhavish and 
  Horiuchi, Hideaki and 
  Sommer, Dan},
 title={Market Share: Database Management System Software, Worldwide},
 institution={Gartner},
 year={2009},
 note={See http://www.gartner.com/DisplayDocument?id=1044912},
}


@inproceedings{Graefe03a,
 author = {Graefe, Goetz},
 title = {Sorting and Indexing with Partitioned {B}-trees},
 booktitle = {CIDR},
 year = {2003},
 pages = {1--13}
} 

@inproceedings{Graefe03b,
 author = {Graefe, Goetz},
 title = {Partitioned {B}-trees - a user's guide},
 booktitle = {BTW},
 year = {2003}, 
}

 @Comment pages = {18--42},
@inproceedings{Graefe07,
 author={Graefe, Goetz},
 title={Hierarchical locking in {B}-tree indexes},
 booktitle={BTW},
 year={2007},
}

@Comment booktitle = {Proceedings of the 1990 ACM SIGMOD international conference on Management of data},
@Comment isbn = {0-89791-365-5},
@Comment location = {Atlantic City, New Jersey, United States},
@Comment pages = {102--111},
@Comment numpages = {10},
@Comment doi = {http://doi.acm.org/10.1145/93597.98720},
@Comment acmid = {98720},
@Comment publisher = {ACM},
@Comment address = {New York, NY, USA},
@inproceedings{Graefe90,
 author = {Graefe, Goetz},
 title = {Encapsulation of parallelism in the {Volcano} query processing system},
 booktitle = {SIGMOD},
 year = {1990},
} 

 @Comment booktitle = {Proceedings of the 2013 ACM SIGMOD International Conference on Management of Data},
 @Comment series = {SIGMOD '13},
 @Comment year = {2013},
 @Comment isbn = {978-1-4503-2037-5},
 @Comment location = {New York, New York, USA},
 @Comment pages = {85--96},
 @Comment numpages = {12},
 @Comment url = {http://doi.acm.org/10.1145/2463676.2465325},
 @Comment doi = {10.1145/2463676.2465325},
 @Comment acmid = {2465325},
 @Comment publisher = {ACM},
 @Comment address = {New York, NY, 
@inproceedings{GraefeLKTV13,
 author = {Graefe, Goetz and Lillibridge, Mark and Kuno, Harumi and Tucek, Joseph and Veitch, Alistair},
 title = {Controlled Lock Violation},
 booktitle = {SIGMOD},
 year = {2013},
} 

@inproceedings{Gray81,
 author = {Gray, Jim},
 title = {The transaction concept: virtues and limitations},
 booktitle = {VLDB},
 year = {1981},
} 

@inproceedings{Gray07,
 author={Gray, Jim},
 title={Tape is Dead, Disk is Tape, Flash is Disk, {RAM} Locality is King},
 booktitle = {CIDR},
 year = {2007},
}

 @Comment booktitle = {Proceedings of the 1996 ACM SIGMOD international conference on Management of data},
 @Comment series = {SIGMOD '96},
 @Comment isbn = {0-89791-794-4},
 @Comment location = {Montreal, Quebec, Canada},
 @Comment pages = {173--182},
 @Comment url = {http://doi.acm.org/10.1145/233269.233330},
 @Comment doi = {10.1145/233269.233330},
 @Comment acmid = {233330},
 @Comment publisher = {ACM},
 @Comment address = {New York, NY, USA},
@inproceedings{GrayHOS96,
 author = {Gray, Jim and 
  Helland, Pat and 
  O'Neil, Patrick and 
  Shasha, Dennis},
 title = {The dangers of replication and a solution},
 booktitle = {SIGMOD},
 year = {1996},
} 

@book{GrayR92,
 author = {Gray, Jim and Reuter, Andreas},
 title = {Transaction Processing: Concepts and Techniques},
 publisher = {Morgan Kaufmann Publishers Inc.},
 address = {San Francisco, CA, USA},
 year = {1992},
}


 @Comment journal = {Proc. VLDB Endow.},
 @Comment issue_date = {November 2010},
 @Comment month = {November},
 @Comment issn = {2150-8097},
 @Comment pages = {105--116},
 @Comment numpages = {12},
 @Comment url = {http://dl.acm.org/citation.cfm?id=1921071.1921077},
 @Comment acmid = {1921077},
 @Comment publisher = {VLDB Endowment},
@article{Grund+10,
 author = {Grund, Martin and Kr\"{u}ger, Jens and Plattner, Hasso and Zeier, Alexander and Cudre-Mauroux, Philippe and Madden, Samuel},
 title = {{HYRISE}---{A} main memory hybrid storage engine},
 journal = {PVLDB},
 volume = {4},
 issue = {2},
 year = {2010},
}


 @Comment journal = {IEEE Trans. on Knowl. and Data Eng.},
 @Comment issue_date = {March 1990},
 @Comment month = mar,
 @Comment issn = {1041-4347},
 @Comment pages = {143--160},
 @Comment numpages = {18},
 @Comment url = {http://dx.doi.org/10.1109/69.50910},
 @Comment doi = {10.1109/69.50910},
 @Comment acmid = {627404},
 @Comment publisher = {IEEE Educational Activities Department},
 @Comment address = {Piscataway, NJ, USA},
@article{Haas+90,
 author = {Haas, Laura M. and Chang, Walter and Lohman, Guy M. and McPherson, John and Wilms, Paul F. and Lapis, George and Lindsay, Bruce and Pirahesh, Hamid and Carey, Michael J. and Shekita, Eugene},
 title = {Starburst Mid-Flight: As the Dust Clears},
 journal = {IEEE TKDE},
 volume = {2},
 number = {1},
 year = {1990},
}

@inproceedings{Hameed+10,
 author = {Hameed, Rehan and Qadeer, Wajahat and Wachs, Megan and Azizi, Omid and Solomatnikov, Alex and Lee, Benjamin C. and Richardson, Stephen and Kozyrakis, Christos and Horowitz, Mark},
 title = {Understanding sources of inefficiency in general-purpose chips},
 booktitle = {ISCA},
 year = {2010},
} 

@inproceedings{Hamilton08,
 author = {Hamilton, James R.},
 title = {Where Does the Power Go and What to do About it?},
 booktitle = {HotPower},
 year = {2008},
} 

  @Comment biburl = {http://www.bibsonomy.org/bibtex/2794b12267b4b1dc0ee436ff5f40b4922/dblp},
  @Comment isbn = {978-1-4503-0661-4},
  @Comment booktitle = {SIGMOD Conference},
  @Comment publisher = {ACM},
@inproceedings{Hamilton11,
  author = {Hamilton, James R.},
  title = {Internet scale storage.},
  booktitle = {SIGMOD},
  pages = {1047-1048},
  year = {2011},
}

@inproceedings{HardavellasFFA09,
 author = {Hardavellas, Nikos and 
  Ferdman, Michael and 
  Falsafi, Babak and 
  Ailamaki, Anastasia},
 title = {Reactive {NUCA}: near-optimal block placement and replication in distributed caches},
 booktitle = {ISCA},
 year = {2009},
 pages = {184--195}
} 

 @Comment pages = {79-87}
@inproceedings {HardavellasPJMAF07,
 author = {Hardavellas, Nikos and 
  Pandis, Ippokratis and 
  Johnson, Ryan and 
  Mancheril, Naju and 
  Ailamaki, Anastasia and 
  Falsafi, Babak},
 title = {Database servers on chip multiprocessors: Limitations and opportunities},
 booktitle = {CIDR},
 year = {2007},
}

@inproceedings{HarizopoulosA04,
 author = {Harizopoulos, Stavros and
           Ailamaki, Anastassia},
 title = {{STEPS} towards cache-resident transaction processing},
 booktitle = {VLDB},
 year = {2004},
 pages = {660--671},
}

 @Comment pages = {981--992}
@inproceedings{HarizopoulosAMS08,
 author    = {Harizopoulos, Stavros and
              Abadi, Daniel J. and
              Madden, Sam and
              Stonebraker, Michael},
 title     = {{OLTP} through the looking glass, and what we found there},
 booktitle = {SIGMOD},
 year      = {2008},
}

 @Comment booktitle = {Proceedings of the 2005 ACM SIGMOD international conference on Management of data},
 @Comment series = {SIGMOD '05},
 @Comment isbn = {1-59593-060-4},
 @Comment location = {Baltimore, Maryland},
 @Comment pages = {383--394},
 @Comment url = {http://doi.acm.org/10.1145/1066157.1066201},
 @Comment doi = {10.1145/1066157.1066201},
 @Comment acmid = {1066201},
 @Comment publisher = {ACM},
 @Comment address = {New York, NY, USA},
@inproceedings{HarizopoulosSA05,
 author = {Harizopoulos, Stavros and 
  Shkapenyuk, Vladislav and 
  Ailamaki, Anastasia},
 title = {{QP}ipe: a simultaneously pipelined relational query engine},
 booktitle = {SIGMOD},
 year = {2005},
}

  @Comment pages     = {225-228},
@inproceedings{HassanzadehDFKSW11,
  author    = {Oktie Hassanzadeh and
               Songyun Duan and
               Achille Fokoue and
               Anastasios Kementsietsidis and
               Kavitha Srinivas and
               Michael J. Ward},
  title     = {Helix: Online Enterprise Data Analytics},
  booktitle = {WWW},
  year      = {2011},
}

@article{HassanzadehKKKOP13,
 author = {Oktie Hassanzadeh and
  Anastasios Kementsietsidis and
  Benny Kimelfeld and
  Rajasekar Krishnamurthy and
  Fatma {\"O}zcan and
  Ippokratis Pandis},
 title = {Next Generation Data Analytics at {IBM Research}},
 journal = {PVLDB},
 volume = {6},
 issue = {9},
 year = {2013},
}


@inproceedings{HeSS05,
 author={He, Bijun 
  and Scherer III, William N. and 
  Scott, Michael L.},
 title={Preemption adaptivity in time-published queue-based spin locks},
 booktitle={HiPC},
 year = {2005},
}


@inproceedings{Helland07,
 author={Helland, Pat},
 title={Life beyond Distributed Transactions: an Apostate's Opinion},
 booktitle = {CIDR},
 year = {2007},
 pages = {132--141}
}

 @Comment booktitle = {Proceedings of the 2nd International Workshop on High Performance Transaction Systems},
 @Comment isbn = {3-540-51085-0},
 @Comment pages = {301--329},
 @Comment url = {http://dl.acm.org/citation.cfm?id=645575.658332},
 @Comment acmid = {658332},
 @Comment publisher = {Springer-Verlag},
 @Comment address = {London, UK, UK},
@inproceedings{HellandSLCGR89,
 author = {Helland, Pat and 
  Sammer, Harald and 
  Lyon, Jim and 
  Carr, Richard and 
  Garrett, Phil and 
  Reuter, Andreas},
 title = {Group Commit Timers and High Volume Transaction Systems},
 booktitle = {HPTS},
 year = {1989},
}


@article{HellersteinSH07,
 author = {Hellerstein, Joseph M. and 
  Stonebraker,  Michael and
  Hamilton, James},
 title = {Architecture of a Database System},
 journal = {Foundations and Trends (R) in Databases},
 volume = {1},
 number = {2},
 year = {2007},
}


@inproceedings{HendlerSY04,
 author = {Hendler, Danny and 
  Shavit, Nir and 
  Yerushalmi, Lena},
 title = {A scalable lock-free stack algorithm},
 booktitle = {SPAA},
 year = {2004},
}

@book{HennessyP02,
 author = {Hennessy, John L. and Patterson, David A.},
 title = {Computer architecture: a quantitative approach},
 year = {2002},
 publisher = {Morgan Kaufmann Publishers Inc.},
 address = {San Francisco, CA, USA},
}

 @Comment issue_date = {Jan. 1991},
 @Comment month = jan,
 @Comment issn = {0164-0925},
 @Comment pages = {124--149},
 @Comment url = {http://doi.acm.org/10.1145/114005.102808},
 @Comment doi = {10.1145/114005.102808},
 @Comment acmid = {102808},
 @Comment publisher = {ACM},
 @Comment address = {New York, NY, USA},
@article{Herlihy91,
 author = {Herlihy, Maurice},
 title = {Wait-free synchronization},
 journal = {ACM Trans. Program. Lang. Syst.},
 volume = {13},
 number = {1},
 year = {1991},
}

 @Comment issue_date = {May 1993},
 @Comment month = may,
 @Comment issn = {0163-5964},
 @Comment pages = {289--300},
 @Comment url = {http://doi.acm.org/10.1145/173682.165164},
 @Comment doi = {10.1145/173682.165164},
 @Comment acmid = {165164},
 @Comment publisher = {ACM},
 @Comment address = {New York, NY, USA},
@article{HerlihyM93,
 author = {Herlihy, Maurice and Moss, J. Eliot B.},
 title = {Transactional memory: architectural support for lock-free data structures},
 journal = {SIGARCH Comput. Archit. News},
 volume = {21},
 number = {2},
 year = {1993},
}

  @Comment pages     = {549-560},
  @Comment ee        = {http://doi.acm.org/10.1145/2452376.2452440},
  @Comment crossref  = {DBLP:conf/edbt/2013},
  @Comment bibsource = {DBLP, http://dblp.uni-trier.de}
@inproceedings{HernandezKKPW13,
  author    = {Mauricio A. Hern{\'a}ndez and
               Georgia Koutrika and
               Rajasekar Krishnamurthy and
               Lucian Popa and
               Ryan Wisnesky},
  title     = {{HIL}: a high-level scripting language for entity integration},
  booktitle = {EDBT},
  year      = {2013},
}



@article{HillM08,
 author = {Hill, Mark D. and 
  Marty, Michael R.},
 title = {Amdahl's Law in the Multicore Era},
 journal = {Computer},
 volume = {41},
 issue = {7},
 year = {2008},
 pages = {33--38}
} 


 @Comment booktitle = {Proceedings of the 2007 ACM SIGMOD international conference on Management of data},
 @Comment series = {SIGMOD '07},
 @Comment isbn = {978-1-59593-686-8},
 @Comment location = {Beijing, China},
 @Comment pages = {389--400},
 @Comment numpages = {12},
 @Comment url = {http://doi.acm.org/10.1145/1247480.1247525},
 @Comment doi = {10.1145/1247480.1247525},
 @Comment acmid = {1247525},
 @Comment publisher = {ACM},
 @Comment address = {New York, NY, USA},
@inproceedings{HollowayRSD07,
 author = {Holloway, Allison L. and 
  Raman, Vijayshankar and 
  Swart, Garret and 
  DeWitt, David J.},
 title = {How to barter bits for chronons: compression and bandwidth trade offs for database scans},
 booktitle = {SIGMOD},
 year = {2007},
} 

@inproceedings{Howard+10,
 author={Howard, Jason and others},
 title={A {48-Core IA-32} message-passing processor with {DVFS} in 45nm {CMOS}},
 booktitle={IEEE ISSCC},
 year={2010},
}

 @Comment issue_date = {April 2007},
 @Comment month = apr,
 @Comment issn = {0163-5980},
 @Comment pages = {37--49},
 @Comment numpages = {13},
 @Comment doi = {10.1145/1243418.1243424},
 @Comment publisher = {ACM},
 @Comment address = {New York, NY, USA},
@article{HuntL07,
 author = {Hunt, Galen C. and Larus, James R.},
 title = {Singularity: rethinking the software stack},
 journal = {SIGOPS Oper. Syst. Rev.},
 volume = {41},
 number = {2},
 year = {2007},
}


  @Comment pages     = {40-45},
  @Comment ee        = {http://sites.computer.org/debull/A12mar/monetdb.pdf},
@article{IdreosGNMMK12,
  author    = {Stratos Idreos and
               Fabian Groffen and
               Niels Nes and
               Stefan Manegold and
               K. Sjoerd Mullender and
               Martin L. Kersten},
  title     = {{MonetDB}: Two Decades of Research in Column-oriented Database
               Architectures},
  journal   = {IEEE Data Eng. Bull.},
  volume    = {35},
  number    = {1},
  year      = {2012},
}

@Comment VectorWise
 @Comment issue_date = {September 2011},
 @Comment month = {nov},
 @Comment issn = {0163-5808},
 @Comment pages = {45--53},
 @Comment numpages = {9},
 @Comment url = {http://doi.acm.org/10.1145/2070736.2070747},
 @Comment doi = {http://doi.acm.org/10.1145/2070736.2070747},
 @Comment acmid = {2070747},
 @Comment publisher = {ACM},
 @Comment address = {New York, NY, USA},
@article{InksterZB11,
 author = {Inkster, Doug and Zukowski, Marcin and Boncz, Peter},
 title = {Integration of {VectorWise} with {Ingres}},
 journal = {SIGMOD Rec.},
 volume = {40},
 issue = {3},
 year = {2011},
} 


@inproceedings{Jain+13,
 author={Sushant Jain and Alok Kumar and Subhasree Mandal and Joon Ong and Leon Poutievski and Arjun Singh and Subbaiah Venkata and Jim Wanderer and Junlan Zhou and Min Zhu and Jonathan Zolla and Urs H\"olzle and Stephen Stuart and Amin Vahdat},
 title={B4: Experience with a Globally-Deployed Software Defined {WAN}},
 booktitle = {SIGCOMM},
 year = {2013}
}


@article{Jain+13-SHORT,
 author={Sushant Jain and others},
 title={B4: Experience with a Globally-Deployed Software Defined {WAN}},
 booktitle = {SIGCOMM},
 year = {2013}
}

@article{JalutaSS06,
 author = {Jaluta, Ibrahim and
           Sippu, Seppo and
	   Soisalon-Soininen, Eljas},
 title = {B-tree concurrency control and recovery in page-server database systems},
 journal = {ACM TODS},
 volume = {31},
 issue = {1},
 year = {2006},
 pages = {82--132}
}

@inproceedings{Johnson+07,
 author = {Johnson, Ryan and 
  Hardavellas, Nikos and
  Pandis, Ippokratis and
  Mancheril, Naju and 
  Harizopoulos, Stavros and 
  Sabirli, Kivanc and 
  Ailamaki, Anastasia and 
  Falsafi, Babak},
 title = {To Share Or Not To Share?},
 booktitle = {VLDB},
 year = {2007},
}

@inproceedings{JohnsonASA09,
 author={Johnson, Ryan and 
  Athanassoulis, Manos and 
  Stoica, Radu and 
  Ailamaki, Anastasia},
 title={A new look at the roles of spinning and blocking},
 booktitle={DaMoN},
 year={2009},
}


@inproceedings{JohnsonP13,
 author = {Johnson, Ryan and 
  Pandis, Ippokratis},
 title = {The bionic DBMS is coming, but what will it look like?},
 booktitle = {CIDR},
 year = {2013},
}


@inproceedings{JohnsonPA08,
 author = {Johnson, Ryan and 
  Pandis, Ippokratis and
  Ailamaki, Anastasia},
 title = {Critical Sections: Re-emerging Scalability Concerns for Database Storage Engines},
 booktitle = {DaMoN},
 year = {2008},
}

 @Comment pages = {479--489}
@article{JohnsonPA09,
 author = {Johnson, Ryan and 
  Pandis, Ippokratis and 
  Ailamaki, Anastasia},
 title = {Improving {OLTP} scalability using speculative lock inheritance},
 journal = {PVLDB},
 volume = {2},
 number = {1},
 year = {2009},
}

@article{JohnsonPA13,
 author      = { Johnson, Ryan and 
  Pandis, Ippokratis and 
  Ailamaki, Anastasia},
 title={Eliminating unscalable communication in transaction processing},
 journal={The VLDB Journal},
 year={2013},
}


 @Comment pages = {24--35}
@inproceedings{JohnsonPHAF09,
 author = {Johnson, Ryan and 
  Pandis, Ippokratis and 
  Hardavellas, Nikos and 
  Ailamaki, Anastasia and 
  Falsafi, Babak},
 title = {{Shore-MT}: a scalable storage manager for the multicore era},
 booktitle = {EDBT},
 year = {2009},
}

@article{JohnsonPSAA10-SHORT,
 author = {Johnson, Ryan and others},
 title = {Aether: a scalable approach to logging},
 journal = {PVLDB},
 volume = {3},
 issue = {1-2},
 year = {2010},
} 

 @Comment pages = {681--692}
@article{JohnsonPSAA10,
 author = {Johnson, Ryan and 
  Pandis, Ippokratis and 
  Stoica, Radu and 
  Athanassoulis, Manos and 
  Ailamaki, Anastasia},
 title = {Aether: a scalable approach to logging},
 journal = {PVLDB},
 volume = {3},
 issue = {1-2},
 year = {2010},
} 

@Comment issn = {1066-8888},
@Comment keyword = {Computer Science},
@Comment pages = {1-25},
@Comment url = {http://dx.doi.org/10.1007/s00778-011-0260-8},
@Comment note = {10.1007/s00778-011-0260-8},
@article {JohnsonPSAA11,
 author = {Johnson, Ryan and 
  Pandis, Ippokratis and 
  Stoica, Radu and 
  Athanassoulis, Manos and 
  Ailamaki, Anastasia},
 title = {Scalability of write-ahead logging on multicore and multisocket hardware},
 journal = {The VLDB Journal},
 volume = {20},
 issue = {6},
 year = {2011},
}


 @Comment issue_date = {August 2008},
 @Comment month = {August},
 @Comment issn = {2150-8097},
 @Comment pages = {622--634},
 @Comment numpages = {13},
 @Comment url = {http://dx.doi.org/10.1145/1453856.1453925},
 @Comment doi = {http://dx.doi.org/10.1145/1453856.1453925},
 @Comment acmid = {1453925},
 @Comment publisher = {VLDB Endowment},
@article{JohnsonRSS08,
 author = {Johnson, Ryan and Raman, Vijayshankar and Sidle, Richard and Swart, Garret},
 title = {Row-wise parallel predicate evaluation},
 journal = {PVLDB},
 volume = {1},
 issue = {1},
 year = {2008},
} 

@article{JohnsonSAM10,
 author = {Johnson, Ryan and 
  Stoica, Radu and 
  Ailamaki, Anastasia and 
  Mowry, Todd C.},
 title = {Decoupling contention management from scheduling},
 journal = {SIGPLAN Not.},
 volume = {45},
 number = {3},
 year = {2010},
}


@inproceedings{JohnsonN07,
 author = {Johnson, Tim and 
  Nawathe, Umesh},
 title = {An 8-core, 64-thread, 64-bit power efficient {SPARC SoC (Niagara2)}},
 booktitle = {ISPD},
 year = {2007},
}


@inproceedings{JonesAM10,
 author = {Jones, Evan and 
  Abadi, Daniel J. and 
  Madden, Samuel},
 title = {Low overhead concurrency control for partitioned main memory databases},
 booktitle = {SIGMOD},
 year = {2010},
 pages = {603--614}
} 

 @Comment booktitle = {Proceedings of the 33rd international conference on Very large data bases},
 @Comment series = {VLDB '07},
 @Comment isbn = {978-1-59593-649-3},
 @Comment location = {Vienna, Austria},
 @Comment pages = {1263--1274},
 @Comment url = {http://dl.acm.org/citation.cfm?id=1325851.1325995},
 @Comment acmid = {1325995},
 @Comment publisher = {VLDB Endowment},
@inproceedings{JorwekarFRS07,
 author = {Jorwekar, Sudhir and 
  Fekete, Alan and 
  Ramamritham, Krithi and 
  Sudarshan, S.},
 title = {Automating the detection of snapshot isolation anomalies},
 booktitle = {VLDB},
 year = {2007},
}

@inproceedings{Joshi91,
 author = {Joshi, Ashok M.},
 title = {Adaptive Locking Strategies in a Multi-node Data Sharing Environment},
 booktitle = {VLDB},
 year = {1991},
}

 @Comment booktitle = {Proceedings of the 2013 ACM SIGMOD International Conference on Management of Data},
 @Comment series = {SIGMOD '13},
 @Comment year = {2013},
 @Comment isbn = {978-1-4503-2037-5},
 @Comment location = {New York, New York, USA},
 @Comment pages = {73--84},
 @Comment numpages = {12},
 @Comment url = {http://doi.acm.org/10.1145/2463676.2465271},
 @Comment doi = {10.1145/2463676.2465271},
 @Comment acmid = {2465271},
 @Comment publisher = {ACM},
 @Comment address = {New York, NY, USA},
 @Comment keywords = {concurrent programming, multicores, scalable lock manager},
@inproceedings{JungHFHY13,
 author = {Jung, Hyungsoo and Han, Hyuck and Fekete, Alan D. and Heiser, Gernot and Yeom, Heon Y.},
 title = {A Scalable Lock Manager for Multicores},
 booktitle = {SIGMOD},
 year = {2013},
} 

 @Comment booktitle = {Proceedings of the Eighth International Workshop on Data Management on New Hardware},
 @Comment series = {DaMoN
 @Comment isbn = {978-1-4503-1445-9},
 @Comment location = {Scottsdale, Arizona},
 @Comment pages = {55--62},
 @Comment numpages = {8},
 @Comment url = {http://doi.acm.org/10.1145/2236584.2236592},
 @Comment doi = {10.1145/2236584.2236592},
 @Comment acmid = {2236592},
 @Comment publisher = {ACM},
 @Comment address = {New York, NY, USA},
@inproceedings{KaldeweyLMV12,
 author = {Kaldewey, Tim and Lohman, Guy and Mueller, Rene and Volk, Peter},
 title = {{GPU} join processing revisited},
 booktitle = {DaMoN},
 year = {2012},
} 

@article{KallaSSF10,
 author = {Kalla, Ron and
  Sinharoy, Balaram and
  Starke, William J. and
  Floyd, Michael},
 title = {Power7: {IBM's} Next-Generation Server Processor},
 journal = {IEEE MICRO},
 volume = {30},
 number = {2},
 year = {2010},
}

 @Comment pages = {1496--1499},
@article{Kallman+08,
 author = {Kallman, Robert and Kimura, Hideaki and Natkins, Jonathan and Pavlo, Andrew and Rasin, Alexander and Zdonik, Stanley and Jones, Evan P. C. and Madden, Samuel and Stonebraker, Michael and Zhang, Yang and Hugg, John and Abadi, Daniel J.},
 title = {{H}-{S}tore: a High-Performance, Distributed Main Memory Transaction Processing System},
 journal = {PVLDB},
 year = {2008},
}

 @Comment booktitle = {Proceedings of the 24th annual international symposium on Computer architecture},
 @Comment series = {ISCA '97},
 @Comment isbn = {0-89791-901-7},
 @Comment location = {Denver, Colorado, United States},
 @Comment numpages = {11},
 @Comment doi = {10.1145/264107.264166},
 @Comment acmid = {264166},
 @Comment publisher = {ACM},
 @Comment address = {New York, NY, USA},
@inproceedings{KagiBG97,
 author = {K\"{a}gi, Alain and 
  Burger, Doug and 
  Goodman, James R.},
 title = {Efficient synchronization: let them eat {QOLB}},
 booktitle = {ISCA},
 year = {1997},
 pages = {170--180},
}

@Comment booktitle={Workload Characterization, 2008. IISWC 2008. IEEE International Symposium on},
@Comment month={sept.},
@Comment pages={119 -128},
@Comment doi={10.1109/IISWC.2008.4636097},
@inproceedings{KavalanekarWZS08,
author={Kavalanekar, Swaroop and Worthington, Bruce and Zhang, Qi and Sharda, Vishal},
booktitle={IISWC},
title={Characterization of storage workload traces from production Windows Servers},
year={2008},
}

 @Comment pages = {15--26},
@inproceedings{KeetonPYRB98,
 author={Keeton, Kimberly and
  Patterson, David A. and
  Yong Qian He and
  Raphael, Raphael C. and
  Baker, Walter E.},
 title={Performance characterization of a quad {Pentium Pro SMP} using {OLTP} workloads},
 booktitle = {ISCA},
 year={1998},
}

 @Comment pages = {195--206},
@inproceedings{KemperN11,
 author = {Kemper, Alfons and
  Neumann, Thomas},
 title = {{HyPer} -- A hybrid {OLTP}\&{OLAP} main memory database system based on virtual memory snapshots},
 booktitle = {ICDE},
 year = {2011},
}

 @Comment isbn={978-3-642-22969-5},
 @Comment booktitle={Enabling Real-Time Business Intelligence},
 @Comment series={Lecture Notes in Business Information Processing},
 @Comment doi={10.1007/978-3-642-22970-1_2},
 @Comment url={http://dx.doi.org/10.1007/978-3-642-22970-1_2},
 @Comment publisher={Springer Berlin Heidelberg},
 @Comment pages={7-23},
 @Comment volume={84},
@inproceedings{KemperN11b,
 author={Kemper, Alfons and Neumann, Thomas},
 title={One Size Fits all, Again! {The} Architecture of the Hybrid {OLTP}\&{OLAP} Database Management System {HyPer}},
 booktitle={BIRTE},
 year={2011},
}

 @Comment journal = {Proc. VLDB Endow.},
 @Comment issue_date = {August 2009},
 @Comment month = aug,
 @Comment issn = {2150-8097},
 @Comment pages = {1378--1389},
 @Comment numpages = {12},
 @Comment url = {http://dl.acm.org/citation.cfm?id=1687553.1687564},
 @Comment acmid = {1687564},
 @Comment publisher = {VLDB Endowment},
@article{Kim+09,
 author = {Kim, Changkyu and Kaldewey, Tim and Lee, Victor W. and Sedlar, Eric and Nguyen, Anthony D. and Satish, Nadathur and Chhugani, Jatin and Di Blas, Andrea and Dubey, Pradeep},
 title = {Sort vs. Hash Revisited: Fast Join Implementation on Modern Multi-core {CPU}s},
 journal = {PLVDB},
 volume = {2},
 number = {2},
 year = {2009},
}


 @Comment booktitle = {Proceedings of the 2010 ACM SIGMOD International Conference on Management of data},
 @Comment series = {SIGMOD '10},
 @Comment isbn = {978-1-4503-0032-2},
 @Comment location = {Indianapolis, Indiana, USA},
 @Comment numpages = {12},
 @Comment doi = {10.1145/1807167.1807206},
 @Comment acmid = {1807206},
 @Comment publisher = {ACM},
 @Comment address = {New York, NY, USA},
@inproceedings{Kim+10,
 author = {Kim, Changkyu and 
  Chhugani, Jatin and 
  Satish, Nadathur and 
  Sedlar, Eric and 
  Nguyen, Anthony D. and 
  Kaldewey, Tim and 
  Lee, Victor W. and 
  Brandt, Scott A. and 
  Dubey, Pradeep},
 title = {{FAST}: fast architecture sensitive tree search on modern {CPUs} and {GPUs}},
 booktitle = {SIGMOD},
 year = {2010},
 pages = {339--350},
}

@inproceedings{Kim+00,
 author = {Kim, Jong Min and 
  Choi, Jongmoo and 
  Kim, Jesung and 
  Noh, Sam H. and 
  Min, Sang Lyul and 
  Cho, Yookun and 
  Kim, Chong Sang},
 title = {A low-overhead high-performance unified buffer management scheme that exploits sequential and looping references},
 booktitle = {OSDI},
 year = {2000},
} 

@inproceedings{KimuraGK12,
 author = {Kimura, Hideaki and Graefe, Goetz and Kuno, Harumi},
 title = {Efficient Locking Techniques for Databases on Modern Hardware},
 booktitle = {ADMS},
 year = {2012},
} 



 @Comment booktitle = {Proceedings of the Eighth International Workshop on Data Management on New Hardware},
 @Comment isbn = {978-1-4503-1445-9},
 @Comment location = {Scottsdale, Arizona},
 @Comment pages = {16--23},
 @Comment doi = {10.1145/2236584.2236587},
 @Comment publisher = {ACM},
 @Comment address = {New York, NY, USA},
@inproceedings{KissingerSHL12,
 author = {Kissinger, Thomas and Schlegel, Benjamin and Habich, Dirk and Lehner, Wolfgang},
 title = {KISS-Tree: smart latch-free in-memory indexing on modern architectures},
 booktitle = {DaMoN},
 year = {2012},
}

@Comment issn={0288-3635},
@Comment doi={10.1007/BF03037022},
@Comment url={http://dx.doi.org/10.1007/BF03037022},
@Comment publisher={Springer-Verlag},
@Comment pages={63-74},
@Comment GRACE join
@article{KitsuregawaTM83,
 author={Kitsuregawa, Masaru and Tanaka, Hidehiko and Moto-Oka, Tohru},
 title={Application of hash to data base machine and its architecture},
 journal={New Generation Computing},
 volume={1},
 number={1},
 year={1983},
}


@Comment booktitle = {In Proceedings of the 46th Annual IEEE/ACM International Symposium on Microarchitecture (MICRO'13), Davis, CA, USA.}
@article{KocberberGPFLR13,
 author = {Onur Kocberber and Boris Grot and Javier Picorel and Babak Falsafi and Kevin Lim and Parthasarathy Ranganathan},
 title = {Meet the Walkers: Accelerating Index Traversals for In-Memory Databases},
 journal = {IEEE MICRO},
 year = {2013},
}


@article{KongetiraAO05,
 author = {Kongetira, Poonacha and Aingaran, Kathirgamar and Olukotun, Kunle},
 title = {Niagara: A 32-Way Multithreaded {S}parc Processor},
 journal = {IEEE MICRO},
 volume = {25},
 number = {2},
 year = {2005},
}

@inproceedings{KriegerSUH93,
 author = {Krieger, Orran and 
  Stumm, Michael and 
  Unrau, Ron and 
  Hanna, Jonathan},
 title = {A Fair Fast Scalable Reader-Writer Lock},
 booktitle = {ICPP},
 year = {1993},
}

@article{KungR81,
 author = {Kung, H. T. and Robinson, John T.},
 title = {On optimistic methods for concurrency control},
 journal = {ACM TODS},
 volume = {6},
 number = {2},
 year = {1981},
 pages = {213-226},
} 

@Comment isbn = {0-13-065442-6},
@Comment address = {Upper Saddle River, NJ, USA},
@book{Kumar95,
 editor = {Kumar, Vijay},
 title = {Performance of concurrency control mechanisms in centralized database systems},
 year = {1995},
 publisher = {Prentice-Hall, Inc.},
} 

@inproceedings{LahiriSCMC01-SHORT,
 author = {Lahiri, Tirthankar and others},
 title = {Cache Fusion: Extending Shared-Disk Clusters with Shared Caches},
 booktitle = {VLDB},
 year = {2001},
}


@inproceedings{LahiriSCMC01,
 author = {Lahiri, Tirthankar and 
  Srihari, Vinay and 
  Chan, Wilson and 
  MacNaughton, N. and 
  Chandrasekaran, Sashikanth},
 title = {Cache Fusion: Extending Shared-Disk Clusters with Shared Caches},
 booktitle = {VLDB},
 year = {2001},
 pages = {683--686}
}

@article{LamW92,
 author = {Lam, Monica S. and Wilson, Robert P.},
 title = {Limits of control flow on parallelism},
 journal = {SIGARCH Comput. Archit. News},
 volume = {20},
 number = {2},
 year = {1992},
}

 @Comment journal = {Proc. VLDB Endow.},
 @Comment issue_date = {August 2012},
 @Comment volume = {5},
 @Comment number = {12},
 @Comment month = aug,
 @Comment issn = {2150-8097},
 @Comment pages = {1790--1801},
 @Comment numpages = {12},
 @Comment url = {http://dl.acm.org/citation.cfm?id=2367502.2367518},
 @Comment acmid = {2367518},
 @Comment publisher = {VLDB Endowment},
@article{Lamb+12,
 author = {Lamb, Andrew and 
  Fuller, Matt and 
  Varadarajan, Ramakrishna and 
  Tran, Nga and 
  Vandiver, Ben and 
  Doshi, Lyric and 
  Bear, Chuck},
 title = {The {Vertica} analytic database: {C-store} 7 years later},
 year = {2012},
} 

@article{Lamport78,
 author = {Lamport, Leslie},
 title = {Time, clocks, and the ordering of events in a distributed system},
 journal = {Commun. ACM},
 volume = {21},
 issue = {7},
 year = {1978},
} 

@inproceedings{LangLANM13,
 author = {Harald Lang and Viktor Leis and Martina-Cezara Albutiu and Thomas Neumann and Alfons Kemper},
 title = {Massively Parallel {NUMA}-aware Hash Joins},
 booktitle = {IMDM},
 year = {2013},
}


 @Comment booktitle = {Proceedings of the Sixth International Workshop on Data Management on New Hardware},
 @Comment series = {DaMoN '10},
 @Comment isbn = {978-1-4503-0189-3},
 @Comment location = {Indianapolis, Indiana},
 @Comment pages = {47--55},
 @Comment numpages = {9},
 @Comment url = {http://doi.acm.org/10.1145/1869389.1869396},
 @Comment doi = {http://doi.acm.org/10.1145/1869389.1869396},
 @Comment acmid = {1869396},
 @Comment publisher = {ACM},
 @Comment address = {New York, NY, USA},
@inproceedings{LangPS10,
 author = {Lang, Willis and Patel, Jignesh M. and Shankar, Srinath},
 title = {Wimpy node clusters: what about non-wimpy workloads?},
 booktitle = {DaMoN},
 year = {2010},
}

 @Comment booktitle = {Proceedings of the 2011 ACM SIGMOD International Conference on Management of data},
 @Comment series = {SIGMOD '11},
 @Comment isbn = {978-1-4503-0661-4},
 @Comment location = {Athens, Greece},
 @Comment pages = {1177--1184},
 @Comment numpages = {8},
 @Comment url = {http://doi.acm.org/10.1145/1989323.1989448},
 @Comment doi = {10.1145/1989323.1989448},
 @Comment acmid = {1989448},
 @Comment publisher = {ACM},
 @Comment address = {New York, NY, USA},
@inproceedings{Larson+11,
 author = {Larson, Per-Ake and Clinciu, Cipri and Hanson, Eric N. and Oks, Artem and Price, Susan L. and Rangarajan, Srikumar and Surna, Aleksandras and Zhou, Qingqing},
 title = {{SQL} server column store indexes},
 booktitle = {SIGMOD},
 year = {2011},
}


 @Comment booktitle = {Proceedings of the 2013 ACM SIGMOD International Conference on Management of Data},
 @Comment series = {SIGMOD '13},
 @Comment year = {2013},
 @Comment isbn = {978-1-4503-2037-5},
 @Comment location = {New York, New York, USA},
 @Comment pages = {1159--1168},
 @Comment numpages = {10},
 @Comment url = {http://doi.acm.org/10.1145/2463676.2463708},
 @Comment doi = {10.1145/2463676.2463708},
 @Comment acmid = {2463708},
 @Comment publisher = {ACM},
 @Comment address = {New York, NY, USA},
 @Comment keywords = {column store, columnar storage, data warehousing, index, olap},
@inproceedings{Larson+13,
 author = {Larson, Per-Ake and Clinciu, Cipri and Fraser, Campbell and Hanson, Eric N. and Mokhtar, Mostafa and Nowakiewicz, Michal and Papadimos, Vassilis and Price, Susan L. and Rangarajan, Srikumar and Rusanu, Remus and Saubhasik, Mayukh},
 title = {Enhancements to {SQL} server column stores},
 booktitle = {SIGMOD},
 year = {2013},
} 



 @Comment journal = {Proc. VLDB Endow.},
 @Comment issue_date = {December 2011},
 @Comment month = dec,
 @Comment issn = {2150-8097},
 @Comment pages = {298--309},
 @Comment url = {http://dl.acm.org/citation.cfm?id=2095686.2095689},
 @Comment acmid = {2095689},
 @Comment publisher = {VLDB Endowment},
@article{LarsonBDFPZ11,
 author = {Larson, Per-Ake and 
  Blanas, Spyros and 
  Diaconu, Cristian and
  Freedman, Craig and
  Patel, Jignesh M. and
  Zwilling, Mike},
 title = {High-performance concurrency control mechanisms for main-memory databases},
 journal   = {PVLDB},
 volume    = {5},
 number    = {4},
 year      = {2011},
}



@article{LauerN79,
 author = {Lauer, Hugh C. and Needham, Roger M.},
 title = {On the duality of operating system structures},
 journal = {SIGOPS Oper. Syst. Rev.},
 volume = {13},
 issue = {2},
 year = {1979},
 pages = {3--19},
}


@inproceedings{LawandeS11,
 author = {Shilpa Lawande and Lakshmikant Shrinivas},
 title = {Scalable graph mining with the {Vertica} analytic platform},
 booktitle = {BIRTE},
 year = {2011},
}

 @Comment BLAS
 @Comment issn = {0098-3500},
 @Comment pages = {308--323},
 @Comment numpages = {16},
 @Comment url = {http://doi.acm.org/10.1145/355841.355847},
 @Comment doi = {10.1145/355841.355847},
 @Comment acmid = {355847},
 @Comment publisher = {ACM},
 @Comment address = {New York, NY, USA},
 @Comment issue_date = {Sept. 1979},
 @Comment month = sep,
@article{LawsonHKK79,
 author = {Lawson, C. L. and Hanson, R. J. and Kincaid, D. R. and Krogh, F. T.},
 title = {Basic Linear Algebra Subprograms for Fortran Usage},
 journal = {ACM Trans. Math. Softw.},
 volume = {5},
 number = {3},
 year = {1979},
}


@Comment booktitle = {Proceedings of the 17th International Conference on Data Engineering},
@Comment series = {ICDE '01},
@Comment pages = {173--},
@Comment url = {http://dl.acm.org/citation.cfm?id=876881.879712},
@Comment acmid = {879712},
@Comment publisher = {IEEE Computer Society},
@Comment address = {Washington, DC, USA},
@inproceedings{LeeKC01,
 author = {Lee, Juchang and Kim, Kihong and Cha, Sang Kyun},
 title = {Differential Logging: A Commutative and Associative Logging Scheme for Highly Parallel Main Memory Database},
 booktitle = {ICDE},
 year = {2001},
}

         
@inproceedings{LeeKOTM00,
  author    = {Lee, Mong-Li and
               Kitsuregawa, Masaru and
	       Ooi, Beng Chin and
	       Tan, Kian-Lee and
	       Mondal, Anirban},
  title     = {Towards Self-Tuning Data Placement in Parallel Database Systems},
  booktitle = {SIGMOD},
  year      = {2000},
  pages = {225--236}
}

											   
@inproceedings{LeeMPKK08,
 author    = {Lee, Sang-Won and 
  Moon, Bongki and 
  Park, Chanik and 
  Kim, Jae-Myung and 
  Kim, Sang-Woo},
 title     = {A case for flash memory {SSD} in enterprise database applications},
 booktitle = {SIGMOD}, 
 year      = {2008},
}


@inproceedings{LehmanC86,
 author = {Lehman, Tobin J. and 
  Carey, Michael J.},
 title = {Query processing in main memory database management systems},
 booktitle = {SIGMOD},
 year = {1986},
}

  @Comment pages     = {109-114},
  @Comment ee        = {http://www.aclweb.org/anthology/P12-3019},
  @Comment crossref  = {DBLP:conf/acl/2012d},
@inproceedings{LiCYRC12,
  author    = {Yunyao Li and
               Laura Chiticariu and
               Huahai Yang and
               Frederick Reiss and
               Arnaldo Carreno-Fuentes},
  title     = {{WizIE}: A Best Practices Guided Development Environment for
               Information Extraction},
  booktitle = {ACL (System Demonstrations)},
  year      = {2012},
}


@inproceedings{LiPMRL13,
 author={Yinan Li and
  Ippokratis Pandis and
  Rene Mueller and
  Vijayshankar Raman and
  Guy Lohman},
 title={{NUMA}-aware algorithms: the case of data shuffling},
 booktitle = {CIDR},
 year = {2013},
}


@inproceedings{LightstoneSYPHRSG07,
 author={Sam Lightstone and 
  Maheswaran Surendra and 
  Yixin Diao and 
  Sujay S. Parekh and 
  Joseph L. Hellerstein and 
  Kevin Rose and 
  Adam J. Storm and 
  Christian Garcia-Arellano},
 title={Control Theory: a Foundational Technique for Self Managing Databases},
 booktitle={ICDE Workshops},
 year={2007},
 pages = {395--403}
}


@Comment address = {Cascais, Portugal},
@Comment month = Oct,
@Comment booktitle = {{Proc. 23rd ACM Symposium on Operating Systems Principles (SOSP)}},
@inproceedings{LimFAK11,
 author = {Hyeontaek Lim and 
  Bin Fan and 
  David G. Andersen and 
  Michael Kaminsky},
 title = {{SILT}: A Memory-Efficient, High-Performance Key-Value Store},
 booktitle = {SOSP},
 year = {2011},
}


@Comment booktitle = {Sixth International Conference on Very Large Data Bases},
@Comment month = {October},
@Comment location = {Montreal, Quebec, Canada},
@Comment publisher = {IEEE Computer Society},
@Comment pages     = {212-223},
@inproceedings{Litwin80,
  author    = {Witold Litwin},
  title     = {Linear Hashing: A New Tool for File and Table Addressing},
  booktitle = {VLDB},
  year      = {1980},
}


@article{LiuCCJR10,
  author    = {Bin Liu and
               Laura Chiticariu and
               Vivian Chu and
               H. V. Jagadish and
               Frederick Reiss},
  title     = {Automatic Rule Refinement for Information Extraction},
  journal   = {PVLDB},
  volume    = {3},
  number    = {1},
  year      = {2010},
}


@article{LiuCCJR10-SHORT,
  author    = {Bin Liu and others},
  title     = {Automatic Rule Refinement for Information Extraction},
  journal   = {PVLDB},
  volume    = {3},
  number    = {1},
  year      = {2010},
}


@article{Loftus96,
 author = {Loftus, Geoffrey R.},
 title = {Psychology Will Be a Much Better Science When We Change the Way We Analyze Data},
 journal = {Current Directions in Psychological Science},
 volume = {5},
 number = {6},
 year = {1996},
}

@techreport{Lomet90,
 author={Lomet, Dave},
 title={Recovery for Shared Disk Systems Using Multiple Redo Logs},
 institution={DEC},
 number = {CRL-90-4},
 type={Technical Report},
 year={1990},
}

@techreport{LometARS92,
 author={Lomet, Dave and 
  Anderson, Rick and 
  Rengarajan, T. K. and 
  Spiro, Peter},
 title={How the {Rdb}/{VMS} Data Sharing System Became Fast},
 institution={DEC},
 number = {CRL-92-4},
 type={Technical Report},
 year={1992},
}

@inproceedings{MackertL86, 
 author = {L. F. Mackert and G. M. Lohman},
 title = {{R* Optimizer Validation 
 and Performance Evaluation for Distributed Queries}},
 booktitle = {VLDB}, 
 year = {1986}, 
} 

@book{MaddoxSS09,
   author = {Maddox, Robert A. and Singh, Gurbir and Safranek, Robert J.},
   title = {Weaving High Performance Multiprocessor Fabric},
   publisher = {Intel Press}, 
   year = {2009},
}

 @Comment booktitle = {Proceedings of the 8th International Symposium on Parallel Processing},
 @Comment isbn = {0-8186-5602-6},
 @Comment pages = {165--171},
 @Comment url = {http://dl.acm.org/citation.cfm?id=645604.662740},
 @Comment acmid = {662740},
 @Comment publisher = {IEEE Computer Society},
 @Comment address = {Washington, DC, USA},
@inproceedings{MagnussonLH94,
 author = {Magnusson, Peter S. and Landin, Anders and Hagersten, Erik},
 title = {Queue Locks on Cache Coherent Multiprocessors},
 booktitle = {ISPP},
 year = {1994},
}

  @Comment pages     = {12},
  @Comment ee        = {http://doi.acm.org/10.1145/1987816.1987832},
@inproceedings{MajoG11,
  author    = {Zoltan Majo and
               Thomas R. Gross},
  title     = {Memory system performance in a {NUMA} multicore multiprocessor},
  booktitle = {SYSTOR},
  year      = {2011},
}


@article{Malinowski11,
 author = {Malinowski, Eric},
 title = {Hoops 2.0: Inside the {NBA}'s Data-Driven Revolution},
 journal = {Wired},
 volume = {4},
 year = {2011},
 note = {Available at http://www.wired.com/playbook/2011/04/nba-data-revolution/},
}

@Comment pages        = {231 - 246},
@Comment month        = {December},
@Comment publisher    = {Springer},
@Comment issn         = {1066-8888},
@article{ManegoldBK00,
 author       = {Manegold, Stefan and 
  Boncz, Peter and 
  Kersten, Martin},
 title        = {Optimizing database architecture for the new bottleneck: memory access},
 journal      = {VLDB Journal},
 year         = {2000},
 number       = {3},
 volume       = {9},
}

 @Comment booktitle = {Proceedings of the 26th International Conference on Very Large Data Bases},
 @Comment series = {VLDB '00},
 @Comment isbn = {1-55860-715-3},
 @Comment pages = {339--350},
 @Comment numpages = {12},
 @Comment url = {http://dl.acm.org/citation.cfm?id=645926.672010},
 @Comment acmid = {672010},
 @Comment publisher = {Morgan Kaufmann Publishers Inc.},
 @Comment address = {San Francisco, CA, USA},
@inproceedings{ManegoldBK00b,
 author = {Manegold, Stefan and Boncz, Peter A. and Kersten, Martin L.},
 title = {What Happens During a Join? {Dissecting CPU} and Memory Optimization Effects},
 booktitle = {VLDB},
 year = {2000},
}

  @Comment pages     = {38},
  @Comment ee        = {http://doi.acm.org/10.1145/1413370.1413409},
@inproceedings{MattsonWF08,
  author    = {Timothy G. Mattson and
               Rob F. Van der Wijngaart and
               Michael A. Frumkin},
  title     = {Programming the {Intel} 80-core network-on-a-chip terascale
               processor},
  booktitle = {SC},
  year      = {2008},
}

@article{MaynardDO94,
 author = {Maynard, Ann Marie Grizzaffi and 
  Donnelly, Colette M. and 
  Olszewski, Bret R.},
 title = {Contrasting characteristics and cache performance of technical and multi-user commercial workloads},
 journal = {SIGPLAN Not.},
 volume = {29},
 number = {11},
 year = {1994},
}

  @Comment pages     = {87-96},
  @Comment ee        = {http://dx.doi.org/10.1109/ISPASS.2010.5452060},
@inproceedings{McCurdyV10,
  author    = {Collin McCurdy and
               Jeffrey S. Vetter},
  title     = {Memphis: Finding and fixing {NUMA}-related performance problems
               on multi-core platforms},
  booktitle = {ISPASS},
  year      = {2010},
}


@article{MCS91a,
 author = {Mellor-Crummey, John M. and Scott, Michael L.},
 title = {Algorithms for scalable synchronization on shared-memory multiprocessors},
 journal = {ACM Trans. Comput. Syst.},
 volume = {9},
 number = {1},
 year = {1991},
}


@article{MCS91b,
 author = {Mellor-Crummey, John M. and Scott, Michael L.},
 title = {Scalable reader-writer synchronization for shared-memory multiprocessors},
 journal = {SIGPLAN Not.},
 volume = {26},
 number = {7},
 year = {1991},
}

@inproceedings{MegiddoM03,
 author = {Megiddo, Nimrod and Modha, Dharmendra S.},
 title = {{ARC}: A Self-Tuning, Low Overhead Replacement Cache},
 booktitle = {FAST},
 year = {2003},
} 

@inproceedings{Michael02,
 author = {Michael, Maged M.},
 title = {High performance dynamic lock-free hash tables and list-based sets},
 booktitle = {SPAA},
 year = {2002},
}

@inproceedings{MichaelLS11,
 author = {Michael, Amir and Li, Harry and Sart, Pierluigi}, 
 title = {Facebook Open Compute Project},
 booktitle = {HotChips},
 year = {2011},
}

@inproceedings{MitraVBNT09,
 author = {Mitra, Abhishek and 
  Vieira, Marcos R. and 
  Bakalov, Petko and 
  Najjar, Walid and 
  Tsotras, Vassilis J.},
 title = {Boosting XML Filtering with a Scalable FPGA-based Architecture},
 booktitle = {CIDR},
 year = {2009},
}

@inproceedings{Mohan90,
 author = {Mohan, C.},
 title = {{ARIES/KVL}: a key-value locking method for concurrency control of multiaction transactions operating on {B}-tree indexes},
 booktitle = {VLDB},
 year = {1990},
 pages = {392--405}
}

@inproceedings{MohanL92,
 author = {Mohan, C. and
  Levine, Frank},
 title = {{ARIES/IM}: an efficient and high concurrency index management method using write-ahead logging},
 booktitle = {SIGMOD},
 year = {1992},
 pages = {371--380}
}
	      
@article{MohanHLPS92,
 author    = {Mohan, C. and
  Haderle, Don and 
  Lindsay, Bruce and 
  Pirahesh, Hamid and 
  Schwarz, Peter},
 title     = {{ARIES}: A Transaction Recovery Method Supporting Fine-Granularity Locking and Partial Rollbacks Using Write-Ahead Logging},
 journal   = {ACM TODS},
 volume    = {17},
 number    = {1},
 year      = {1992},
}

@inproceedings{MoirNSS05,
 author = {Moir, Mark and 
  Nussbaum, Daniel and 
  Shalev, Ori and 
  Shavit, Nir},
 title = {Using elimination to implement scalable and lock-free {FIFO} queues},
 booktitle = {SPAA},
 year = {2005},
 pages = {253--262}
}


@inproceedings{MondalKOT01,
 author    = {Mondal, Anirban and
              Kitsuregawa, Masaru and
	      Ooi, Beng Chin and
	      Tan, Kian-Lee},
 title     = {R-tree-based Data Migration and Self-Tuning Strategies in Shared-Nothing Spatial Databases},
 booktitle = {GIS},
 year      = {2001},
 pages = {28--33}
}

@article{Moore65,
 author={Moore, Gordon},
 title={Cramming More Components onto Integrated Circuits},
 journal={Electronics},
 volume={38},
 number={6},
 year={1965},
}


@inproceedings{MuheKN13,
 author={Muhe, Henrik and Kemper, Alfons and Neumann, Thomas},
 title={Executing Long-Running Transactions in Synchronization-Free Main Memory Database Systems},
 booktitle = {CIDR},
 year = {2013},
}


@article{MuthOPW00,
 author = {Muth, Peter and 
  O'Neil, Patrick and 
  Pick, Achim and 
  Weikum, Gerhard},
 title = {The {LHAM} log-structured history data access method},
 journal = {The VLDB Journal},
 volume = {8},
 issue = {3-4},
 year = {2000},
 pages = {199--221}
} 

  @Comment pages = {1161-1164},
@inproceedings{Ozcan+11,
  author = {Fatma {\"O}zcan and others}, 
  title = {Emerging Trends in the Enterprise Data Analytics: Connecting {Hadoop} and {DB2 Warehouse}}, 
  booktitle = {SIGMOD},
  year = 2011,
}


@inproceedings{Olukotun+96,
 author = {Olukotun, Kunle and 
  Nayfeh, Basem A. and 
  Hammond, Lance and 
  Wilson, Ken and 
  Chang, Kunyung},
 title = {The case for a single-chip multiprocessor},
 booktitle = {{ASPLOS-VII}},
 year = {1996},
}

@inproceedings{OyamaTY99,
 author = {Oyama, Yoshihiro and 
  Taura, Kenjiro and 
  Yonezawa, Akinori},
 title = {Executing Parallel Programs With Synchronization Bottlenecks Efficiently},
 booktitle = {PDSIA},
 year = {1999},
}


 @Comment booktitle = {Proceedings of the 17th International Conference on Data Engineering},
 @Comment address = {Washington, DC, USA},
 @Comment isbn = {0769510019},
 @Comment pages = {567--574},
 @Comment publisher = {IEEE Computer Society},
@inproceedings{PadmanabhanMAJ01,
 author = {Padmanabhan, Sriram and 
  Malkemus, Timothy and 
  Agarwal, Ramesh C. and 
  Jhingran, Anant},
 title = {Block Oriented Processing of Relational Database Operations in Modern Computer Architectures},
 booktitle = {ICDE},
 year = {2001}
}


@inproceedings{PaghR01,
 author = {Pagh, Rasmus and Rodler, Flemming Friche},
 title = {Cuckoo Hashing},
 booktitle = {ESA},
 year = {2001},
}

 @Comment pages = {928--939}
@article{PandisJHA10,
 author    = {Ippokratis Pandis and
  Johnson, Ryan and
  Hardavellas, Nikos and
  Ailamaki, Anastasia },
 title     = {Data-oriented Transaction Execution},
 journal   = {PVLDB},
 volume    = {3},
 number    = {1},
 year      = {2010},
}

 @Comment pages = {1237--1240}
@inproceedings{Pandis+11,
 author    = {Ippokratis Pandis and
  T\"oz\"un, P{\i}nar and 
  Branco, Miguel and
  Karampinas, Dimitris and
  Porobic, Danica and
  Johnson, Ryan and
  Ailamaki, Anastasia },
 title     = {A Data-oriented Transaction Execution Engine and Supporting Tools},
 booktitle = {SIGMOD},
 year      = {2011},
}

 @Comment pages     = {610-621}
@article{PandisTJA11,
 author      = {Pandis, Ippokratis and 
  T\"oz\"un, P{\i}nar and 
  Johnson, Ryan and 
  Ailamaki, Anastasia},
 title       = {{PLP}: page latch-free shared-everything {OLTP}},
 journal   = {PVLDB},
 volume    = {4},
 number    = {10},
 year      = {2011},
}

 @Comment booktitle = {Proceedings of the Second International Conference on Embedded Software and Systems},
 @Comment series = {ICESS '05},
 @Comment isbn = {0-7695-2512-1},
 @Comment numpages = {9},
 @Comment url = {http://dx.doi.org/10.1109/ICESS.2005.29},
 @Comment doi = {10.1109/ICESS.2005.29},
 @Comment acmid = {1126442},
 @Comment publisher = {IEEE Computer Society},
 @Comment address = {Washington, DC, USA},
@inproceedings{Pandis+05,
 author = {Pandis, Ippokratis and Soldatos, John and Paar, Alexander and Reuter, Jurgen and Carras, Michael and Polymenakos, Lazaros},
 title = {An Ontology-based Framework for Dynamic Resource Management in Ubiquitous Computing Environments},
 booktitle = {ICESS},
 year = {2005},
 pages = {195--203},
} 

@Comment pages = {109--116}
@inproceedings{PattersonGK88,
 author = {Patterson, David A. and Gibson, Garth and Katz, Randy H.},
 title = {A case for redundant arrays of inexpensive disks (RAID)},
 booktitle = {SIGMOD},
 year = {1988},
}


 @Comment journal = {Proc. VLDB Endow.},
 @Comment issue_date = {October 2011},
 @Comment volume = {5},
 @Comment number = {2},
 @Comment month = oct,
 @Comment year = {2011},
 @Comment issn = {2150-8097},
 @Comment pages = {85--96},
 @Comment numpages = {12},
 @Comment url = {http://dl.acm.org/citation.cfm?id=2078324.2078325},
 @Comment acmid = {2078325},
 @Comment publisher = {VLDB Endowment},
@article{PavloJZ11,
 author = {Pavlo, Andrew and Jones, Evan P. C. and Zdonik, Stanley},
 title = {On predictive modeling for optimizing transaction execution in parallel {OLTP} systems},
 journal = {PVLDB},
 volume = {5},
 number = {2},
 year = {2011},
 pages = {85--96},
}


@article{PelleyWGB14,
 author = {Steven Pelley and Thomas F. Wenisch and Brian T. Gold and Bill Bridge},
 title = {Storage Management in the {NVRAM} Era},
 journal = {PVLDB},
 year = {2014},
}


 @Comment issue_date = {April 2008},
 @Comment month = {April},
 @Comment issn = {1937-4771},
 @Comment pages = {298--298},
 @Comment numpages = {1},
@article{Pheatt08,
 author = {Pheatt, Chuck},
 title = {Intel threading building blocks},
 journal = {J. Comput. Sci. Coll.},
 volume = {23},
 issue = {4},
 year = {2008},
} 


@inproceedings{Plattner09,
 author = {Plattner, Hasso},
 title = {A common database approach for {OLTP} and {OLAP} using an in-memory column database},
 booktitle = {SIGMOD},
 year = {2009},
}


@inproceedings{PorobicLTA14,
 author = {Danica Porobic and Erietta Liarou and Pinar Tozun and Anastasia Ailamaki},
 title = {ATraPos: Adaptive Transaction Processing on Hardware Islands},
 booktitle = {ICDE},
 year = {2014},
}


 @Comment pages    = {1447--1458},
@article{PorobicPBTA12,
 author    = {Porobic, Danica and
  Pandis, Ippokratis and
  Branco, Miguel and
  T\"oz\"un, P{\i}nar and 
  Ailamaki, Anastasia },
 title    = {{OLTP} on hardware islands},
 journal  = {PVLDB},
 volume   = {5},
 number   = {11},
 year     = {2012},
}


@inproceedings{RafiiD89,
 author = {Rafii, Abbas and
  DuBois, Donald},
 title = {Performance Tradeoffs of Group Commit Logging},
 booktitle = {CMG Conference},
 year = {1989},
}

@inproceedings{RamachandranSV87,
 author = {Ramachandran, Umakishore 
  and Solomon, Marvin 
  and Vernon, Mary},
 title = {Hardware support for interprocess communication},
 booktitle = {ISCA},
 year = {1987},
} 

@book{RamakrishnanG03,
 author = {Ramakrishnan, Raghu and Gehrke, Johannes},
 title = {Database Management Systems},
 publisher = {McGraw-Hill, Inc.},
 address = {New York, NY, USA},
 year = {2003},
}

@Comment isbn = {978-1-4244-1836-7},
@Comment pages = {60--69},
@Comment numpages = {10},
@Comment url = {http://dl.acm.org/citation.cfm?id=1546682.1547130},
@Comment doi = {10.1109/ICDE.2008.4497414},
@Comment acmid = {1547130},
@Comment publisher = {IEEE Computer Society},
@Comment address = {Washington, DC, USA},
@inproceedings{Raman+08,
 author = {Raman, Vijayshankar and 
  Swart, Garret and 
  Qiao, Lin and 
  Reiss, Frederick and 
  Dialani, Vijay and 
  Kossmann, Donald and 
  Narang, Inderpal and 
  Sidle, Richard},
 title = {Constant-Time Query Processing},
 booktitle = {ICDE},
 year = {2008},
}

@inproceedings{Raman+08-SHORT,
 author = {Raman, Vijayshankar and others},
 title = {Constant-Time Query Processing},
 booktitle = {ICDE},
 year = {2008},
}


@article{Raman+13,
 author = {Vijayshankar Raman and
  Gopi Attaluri and
  Ronald Barber and
  Naresh Chainani and
  David Kalmuk and
  Vincent KulandaiSamy and
  Jens Leenstra and
  Sam Lightstone and
  Shaorong Liu and
  Guy M. Lohman and
  Tim Malkemus and
  Rene Mueller and
  Ippokratis Pandis and
  Berni Schiefer and
  David Sharpe and
  Richard Sidle and
  Adam Storm and
  Liping Zhang},
 title = {{DB2 with BLU Acceleration}: So Much More than Just a Column Store},
 journal = {PVLDB},
 volume = {6},
 issue = {9},
 year = {2013},
}


@article{Raman+13-SHORT,
 author = {Vijayshankar Raman and others},
 title = {{DB2 with BLU Acceleration}: So Much More than Just a Column Store},
 journal = {PVLDB},
 volume = {6},
 issue = {9},
 year = {2013},
}


 @Comment pages = {307--318},
@inproceedings{RanganathanGAB98,
 author = {Ranganathan, Parthasarathy and 
  Gharachorloo, Kourosh and 
  Adve, Sarita V. and 
  Barroso, Luiz Andr\'{e}},
 title = {Performance of database workloads on shared-memory systems with out-of-order processors},
 booktitle = {{ASPLOS-VIII}},
 year = {1998},
}

@inproceedings{RajwarG01,
 author = {Rajwar, Ravi and Goodman, James R.},
 title = {Speculative lock elision: enabling highly concurrent multithreaded execution},
 booktitle = {IEEE MICRO},
 year = {2001},
}

@inproceedings{RajwarG02,
 author = {Rajwar, Ravi and Goodman, James R.},
 title = {Transactional lock-free execution of lock-based programs},
 booktitle = {ASPLOS-X},
 year = {2002},
}


 @Comment booktitle = {Proceedings of the 25th International Conference on Very Large Data Bases},
 @Comment series = {VLDB '99},
 @Comment isbn = {1-55860-615-7},
 @Comment numpages = {12},
 @Comment publisher = {Morgan Kaufmann Publishers Inc.},
 @Comment address = {San Francisco, CA, USA},
@inproceedings{RaoR99,
 author = {Rao, Jun and Ross, Kenneth A.},
 title = {Cache Conscious Indexing for Decision-Support in Main Memory},
 booktitle = {VLDB},
 year = {1999},
 pages = {78--89},
} 

 @Comment booktitle = {Proceedings of the 2000 ACM SIGMOD international conference on Management of data},
 @Comment series = {SIGMOD '00},
 @Comment isbn = {1-58113-217-4},
 @Comment location = {Dallas, Texas, United States},
 @Comment numpages = {12},
 @Comment doi = {http://doi.acm.org/10.1145/342009.335449},
 @Comment acmid = {335449},
 @Comment publisher = {ACM},
 @Comment address = {New York, NY, USA},
@inproceedings{RaoR00,
 author = {Rao, Jun and Ross, Kenneth A.},
 title = {Making {B+}-trees cache conscious in main memory},
 booktitle = {SIGMOD},
 year = {2000},
 pages = {475--486},
}


@inproceedings{RaoZML02,
 author = {Rao, Jun and 
  Zhang, Chun and 
  Megiddo, Nimrod and 
  Lohman, Guy},
 title = {Automating physical database design in a parallel database},
 booktitle = {SIGMOD},	
 year = {2002},
 pages = {558--569}
} 

@Comment CAN Peer-to-Peer protocol
@inproceedings{Ratnasamy+01,
 author = {Ratnasamy, Sylvia and Francis, Paul and Handley, Mark and Karp, Richard and Shenker, Scott},
 title = {A scalable content-addressable network},
 booktitle = {SIGCOMM},
 year = {2001},
 pages = {161--172},
} 



@Comment http://www.gartner.com/it/page.jsp?id=1444213
@misc{Rawashdeh10,
 author = {Rawashdeh, Mazen},
 title = {{eBay} - How One Fast Growing Company is Solving its Infrastructure and Data Center Challenges},
 year = {2010},
 note = {Keynote at Gartner Data Center Conference},
}

@article{ReedK79,
 author = {Reed, David P. and Kanodia, Rajendra K.},
 title = {Synchronization with eventcounts and sequencers},
 journal = {Commun. ACM},
 volume = {22},
 number = {2},
 year = {1979},
}

@inproceedings{Robinson85,
 author = {Robinson, John T.},
 title = {A fast general-purpose hardware synchronization mechanism},
 booktitle = {SIGMOD},
 year = {1985},
}

@Comment Splash tables
  @Comment ee        = {http://doi.ieeecomputersociety.org/10.1109/ICDE.2007.368997},
  @Comment crossref  = {DBLP:conf/icde/2007},
  @Comment bibsource = {DBLP, http://dblp.uni-trier.de}
  @Comment pages     = {1297-1301},
@inproceedings{Ross07,
  author    = {Kenneth A. Ross},
  title     = {Efficient Hash Probes on Modern Processors},
  booktitle = {ICDE},
  year      = {2007},
}

@Comment PASTRY Peer-to-Peer protocol
@inproceedings{RowstronD01,
 author = {Rowstron, Antony and Druschel, Peter},
 title = {Pastry: Scalable, Decentralized Object Location, and Routing for Large-Scale Peer-to-Peer Systems},
 booktitle = {Middleware},
 year = {2001},
 pages = {329--350},
} 

@article{RuanPNT05,
 author = {Ruan, Yaoping and 
  Pai, Vivek S. and 
  Nahum, Erich and 
  Tracey, John M.},
 title = {Evaluating the impact of simultaneous multithreading on network servers using real hardware},
 journal = {SIGMETRICS Perform. Eval. Rev.},
 volume = {33},
 number = {1},
 year = {2005},
}

@Comment Test-Test-Set (tatas)
@inproceedings{RudolphS84,
 author = {Rudolph, Larry and Segall, Zary},
 title = {Dynamic decentralized cache schemes for mimd parallel processors},
 booktitle = {ISCA},
 year = {1984},
}



@article{SadoghiRCB13,
 author = {Mohammad Sadoghi and 
  Kenneth A. Ross and 
  Mustafa Canim and 
  Bishwaranjan Bhattacharjee},
 title = {Making Updates Disk-{I/O} Friendly Using {SSDs}},
 journal = {PVLDB},
 volume = {6},
 issue = {9},
 year = {2013},
}


@inproceedings{SalomieSGA11,
 author = {Salomie, Tudor-Ioan and
  Subasu, Ionut Emanuel and
  Giceva, Jana and
  Alonso, Gustavo},
 title = {Database Engines on Multicores, Why Parallelize When You can Distribute?},
 booktitle = {EuroSys},
 year = {2011},
 pages = {17--30},
}


@inproceedings{SchroederWH06,
 author = {Schroeder, Bianca and Wierman, Adam and Harchol-Balter, Mor},
 title = {Open versus closed: a cautionary tale},
 booktitle = {NSDI},
 year = {2006},
}

@inproceedings{Scott02,
 author = {Scott, Michael L.},
 title = {Non-blocking timeout in scalable queue-based spin locks},
 booktitle = {PODC},
 year = {2002},
}

 @Comment booktitle = {Proceedings of the 1979 ACM SIGMOD international conference on Management of data},
 @Comment series = {SIGMOD '79},
 @Comment isbn = {0-89791-001-X},
 @Comment location = {Boston, Massachusetts},
 @Comment numpages = {12},
 @Comment url = {http://doi.acm.org/10.1145/582095.582099},
 @Comment doi = {10.1145/582095.582099},
 @Comment acmid = {582099},
 @Comment publisher = {ACM},
 @Comment address = {New York, NY, USA},
 @Comment pages = {23--34},
@inproceedings{Selinger+79,
 author = {Selinger, P. Griffiths and Astrahan, M. M. and Chamberlin, D. D. and Lorie, R. A. and Price, T. G.},
 title = {Access path selection in a relational database management system},
 booktitle = {SIGMOD},
 year = {1979},
}

@article{SewallCKSD11,
 author = {Jason Sewall and
           Jatin Chhugani and
	   Changkyu Kim and
	   Nadathur Satish and
	   Pradeep Dubey},
 title = {{PALM}: Parallel Architecture-Friendly Latch-Free Modifications to B+Trees on Many-Core Processors},
 journal = {PVLDB},
 volume = {4},
 number    = {11},
 year      = {2011},
 pages     = {795-806}
}


@article{ShashaLSV95,
 author = {Shasha, Dennis and 
  Llirbat, Francois and 
  Simon, Eric and 
  Valduriez, Patrick},
 title = {Transaction chopping: algorithms and performance studies},
 journal = {ACM TODS},
 volume = {20},
 issue = {3},
 year = {1995},
} 

 @Comment booktitle = {Proceedings of the fourteenth annual ACM symposium on Principles of distributed computing},
 @Comment series = {PODC '95},
 @Comment isbn = {0-89791-710-3},
 @Comment location = {Ottowa, Ontario, Canada},
 @Comment pages = {204--213},
 @Comment numpages = {10},
 @Comment url = {http://doi.acm.org/10.1145/224964.224987},
 @Comment doi = {10.1145/224964.224987},
 @Comment acmid = {224987},
 @Comment publisher = {ACM},
 @Comment address = {New York, NY, USA},
@inproceedings{ShavitT95,
 author = {Shavit, Nir and Touitou, Dan},
 title = {Software transactional memory},
 booktitle = {PODC},
 year = {1995},
}

@article{ShavitT97,
 author = {Shavit, Nir and 
  Touitou, Dan},
 title = {Elimination Trees and the Construction of Pools and Stacks},
 journal = {Theory of Computing Systems, Special Issue},
 volume = {30},
 year = {1997},
}

@Comment month = nov,
@Comment issue_date = {Nov. 1996},
@Comment issn = {0734-2071},
@Comment pages = {385--428},
@Comment doi = {10.1145/235543.235546},
@Comment publisher = {ACM},
@Comment address = {New York, NY, USA},
@article{ShavitZ96,
 author = {Shavit, Nir and Zemach, Asaph},
 title = {Diffracting trees},
 journal = {ACM Trans. Comput. Syst.},
 volume = {14},
 number = {4},
 year = {1996},
}
                 
@inproceedings{Shin+10,
 author = {Jinuk Luke Shin and Kenway Tam and Dawei Huang and Bruce Petrick and Ha Pham and Changku Hwang and Hongping Li and Alan Smith and Timothy Johnson and Francis Schumacher and David Greenhill and Ana Sonia Leon and Allan Strong},
 booktitle = {IEEE ISSCC},
 title = {A 40nm 16-core 128-thread {CMT SPARC SoC} processor},
 year = {2010},
}

 @Comment booktitle = {Proceedings of the 2012 ACM SIGMOD International Conference on Management of Data},
 @Comment series = {SIGMOD '12},
 @Comment isbn = {978-1-4503-1247-9},
 @Comment location = {Scottsdale, Arizona, USA},
 @Comment pages = {731--742},
 @Comment numpages = {12},
 @Comment url = {http://doi.acm.org/10.1145/2213836.2213946},
 @Comment doi = {10.1145/2213836.2213946},
 @Comment acmid = {2213946},
 @Comment publisher = {ACM},
 @Comment address = {New York, NY, USA},
@inproceedings{Sikka+12,
 author = {Sikka, Vishal and F\"{a}rber, Franz and Lehner, Wolfgang and Cha, Sang Kyun and Peh, Thomas and Bornh\"{o}vd, Christof},
 title = {Efficient transaction processing in {SAP HANA} database: the end of a column store myth},
 booktitle = {SIGMOD},
 year = {2012},
} 

 @Comment journal = {ACM Trans. Database Syst.},
 @Comment issue_date = {Sept. 1978},
 @Comment month = sep,
 @Comment issn = {0362-5915},
 @Comment pages = {223--247},
 @Comment numpages = {25},
 @Comment url = {http://doi.acm.org/10.1145/320263.320276},
 @Comment doi = {10.1145/320263.320276},
 @Comment acmid = {320276},
 @Comment publisher = {ACM},
 @Comment address = {New York, NY, USA},
@article{Smith78,
 author = {Smith, Alan Jay},
 title = {Sequentiality and prefetching in database systems},
 journal = {ACM TODS},
 volume = {3},
 issue = {3},
 year = {1978},
} 

 @Comment booktitle = {Proceedings of the 5th International Conference on Database Theory},
 @Comment series = {ICDT '95},
 @Comment year = {1995},
 @Comment isbn = {3-540-58907-4},
 @Comment pages = {139--147},
 @Comment numpages = {9},
 @Comment url = {http://dl.acm.org/citation.cfm?id=645501.656080},
 @Comment acmid = {656080},
 @Comment publisher = {Springer-Verlag},
 @Comment address = {London, UK, UK},
@inproceedings{SoininenY95,
 author = {Soisalon-Soininen, Eljas and 
  Yl\"{o}nen, Tatu},
 title = {Partial Strictness in Two-Phase Locking},
 booktitle = {ICDT},
 year = {1995},
}

 @Comment pages = {69--80}
@inproceedings{SomogyiWAF09,
 author = {Somogyi, Stephen and 
  Wenisch, Thomas F. and 
  Ailamaki, Anastasia and 
  Falsafi, Babak},
 title = {Spatio-temporal memory streaming},
 booktitle = {ISCA},
 year = {2009},
}

@inproceedings{SomogyiWHKAF04-SHORT,
 author = {Somogyi, Stephen and others},
 title = {Memory coherence activity prediction in commercial workloads},
 booktitle = {WMPI},
 year = {2004},
} 

@inproceedings{SomogyiWHKAF04,
  author = {Somogyi, Stephen and 
   Wenisch, Thomas F. and 
   Hardavellas, Nikos and 
   Kim, Jangwoo and 
   Ailamaki, Anastasia and 
   Falsafi, Babak},
  title = {Memory coherence activity prediction in commercial workloads},
  booktitle = {WMPI},
  year = {2004},
  pages = {37--45}
} 

@inproceedings{StetsGB02,
 author={Stets, R. and
  Gharachorloo, K. and
  Barroso, L.A.},
 title={A detailed comparison of two transaction processing workloads},
 booktitle={WWC}, 
 pages={37--48},
 year={2002},
}

@Comment CHORD Peer-to-Peer protocol
@inproceedings{Stoica+01,
 author = {Stoica, Ion and Morris, Robert and Karger, David and Kaashoek, M. Frans and Balakrishnan, Hari},
 title = {Chord: A scalable peer-to-peer lookup service for internet applications},
 booktitle = {SIGCOMM},
 year = {2001},
 pages = {149--160},
}


  @Comment pages = {157--166}
@inproceedings{Stolze+09,
  author = {Knut Stolze and  Vijayshankar Raman and  Richard Sidle and  Oliver Draese},
  title = {Bringing {BLINK} Closer to the Full Power of {SQL}},
  booktitle = {BTW},
  year = {2009},
}



 @Comment issue_date = {August 2011},
 @Comment month = aug,
 @Comment year = {2011},
 @Comment issn = {0001-0782},
 @Comment pages = {10--11},
 @Comment numpages = {2},
 @Comment url = {http://doi.acm.org/10.1145/1978542.1978546},
 @Comment doi = {10.1145/1978542.1978546},
 @Comment acmid = {1978546},
 @Comment publisher = {ACM},
 @Comment address = {New York, NY, USA},
@article{Stonebraker11,
 author = {Stonebraker, Michael},
 title = {Stonebraker on {NoSQL} and enterprises},
 journal = {Commun. ACM},
 volume = {54},
 issue = {8},
 year = {2011},
}



@inproceedings{Stonebraker13,
 author = {Stonebraker, Michael},
 title = {A Vision and Research Program in {Big Data}},
 booktitle = {XLDB},
 year = {2013},
} 



@article{Stonebraker86,
 author = {Stonebraker, Michael},
 title = {The Case for Shared Nothing},
 journal = {IEEE Database Eng. Bull.},
 volume = {9},
 issue = {1},
 year = {1986},
 pages = {4--9}
}


@inproceedings{Stonebraker+05-SHORT,
 author = {Stonebraker, Michael and others},
 title = {C-store: a column-oriented {DBMS}},
 booktitle = {VLDB},
 year = {2005},
} 

 @Comment pages = {553--564}
@inproceedings{Stonebraker+05,
 author = {Stonebraker, Mike and 
  Abadi, Daniel J. and 
  Batkin, Adam and 
  Chen, Xuedong and 
  Cherniack, Mitch and 
  Ferreira, Miguel and 
  Lau, Edmond and 
  Lin, Amerson and 
  Madden, Samuel and 
  O'Neil, Elizabeth and 
  O'Neil, Pat and 
  Rasin, Alex and 
  Tran, Nga and 
  Zdonik, Stan},
 title = {C-store: a column-oriented {DBMS}},
 booktitle = {VLDB},
 year = {2005},
} 


 @Comment booktitle = {Proceedings of the 21st International Conference on Data Engineering},
 @Comment series = {ICDE '05},
 @Comment isbn = {0-7695-2285-8},
 @Comment pages = {2--11},
 @Comment numpages = {10},
 @Comment url = {http://dx.doi.org/10.1109/ICDE.2005.1},
 @Comment doi = {10.1109/ICDE.2005.1},
 @Comment acmid = {1054024},
 @Comment publisher = {IEEE Computer Society},
 @Comment address = {Washington, DC, USA},
@inproceedings{StonebrakerC05,
 author = {Stonebraker, Michael and Cetintemel, Ugur},
 title = {"{One} Size Fits All": An Idea Whose Time Has Come and Gone},
 booktitle = {ICDE},
 year = {2005},
}




@inproceedings{StonebrakerKPO88,
 author = {Stonebraker, Michael and 
  Katz, Randy H. and 
  Patterson, David A. and 
  Ousterhout, John K.},
 title = {The Design of {XPRS}},
 booktitle = {VLDB},
 year = {1988},
} 

@inproceedings{StonebrakerMAHHH07-SHORT,
 author = {Stonebraker, Michael and others},
 title = {The end of an architectural era: (it's time for a complete rewrite)},
 booktitle = {VLDB},
 year = {2007},
}


 @Comment pages = {1150--1160}
@inproceedings{StonebrakerMAHHH07,
 author = {Stonebraker, Michael and 
  Madden, Samuel and 
  Abadi, Daniel J. and 
  Harizopoulos, Stavros and 
  Hachem, Nabil and 
  Helland, Pat},
 title = {The end of an architectural era: (it's time for a complete rewrite)},
 booktitle = {VLDB},
 year = {2007},
}

@article{StonebrakerR86,
 author = {Stonebraker, Michael and Rowe, Lawrence A.},
 title = {The design of {POSTGRES}},
 journal = {SIGMOD Rec.},
 volume = {15},
 number = {2},
 year = {1986},
}


  @Comment booktitle = {Proceedings of the second international workshop on MapReduce and its applications},
  @Comment series = {MapReduce '11},
  @Comment isbn = {978-1-4503-0700-0},
  @Comment location = {San Jose, California, USA},
  @Comment pages = {9--16},
  @Comment numpages = {8},
  @Comment url = {http://doi.acm.org/10.1145/1996092.1996095},
  @Comment doi = {10.1145/1996092.1996095},
  @Comment acmid = {1996095},
  @Comment publisher = {ACM},
  @Comment address = {New York, NY, USA},
@inproceedings{TalbotYK11,
  author = {Justin Talbot and Richard M. Yoo and Christos Kozyrakis},
  title = {Phoenix++: modular {MapReduce} for shared-memory systems},
  booktitle = {MapReduce},
  year = {2011},
} 


@inproceedings{TangMVHS,
 author = {Tang, Lingjia and Mars, Jason and Vachharajani, Neil and Hundt, Robert and Soffa, Mary Lou},
 title = {The impact of memory subsystem resource sharing on datacenter applications},
 booktitle = {ISCA},
 year = {2011},
 pages = {283--294},
} 

@article{Thomasian98,
 author = {Thomasian, Alexander},
 title = {Concurrency control: methods, performance, and analysis},
 journal = {ACM Comput. Surv.},
 volume = {30},
 issue = {1},
 year = {1998},
} 


 @Comment journal = {Proc. VLDB Endow.},
 @Comment issue_date = {September 2010},
 @Comment number = {1-2},
 @Comment month = sep,
 @Comment issn = {2150-8097},
 @Comment pages = {70--80},
 @Comment numpages = {11},
 @Comment url = {http://dl.acm.org/citation.cfm?id=1920841.1920855},
 @Comment acmid = {1920855},
 @Comment publisher = {VLDB Endowment},
@article{ThomsonA10,
 author = {Thomson, Alexander and 
  Abadi, Daniel J.},
 title = {The case for determinism in database systems},
 journal = {PVLDB},
 volume = {3},
 issue = {1-2},
 year = {2010},
} 


@inproceedings{Thorup00,
 author = {Thorup, Mikkel},
 title = {Even strongly universal hashing is pretty fast},
 booktitle = {SODA},
 year = {2000},
}


@inproceedings{Thusoo+10,
 author = {Thusoo, Ashish and 
  Sarma, Joydeep Sen and
  Jain, Namit and 
  Shao, Zheng and 
  Chakka, Prasad and 
  Zhang, Ning and 
  Anthony, Suresh and
  Liu, Hao and 
  Murthy, Raghotham},
 title = {Hive - a petabyte scale data warehouse using {Hadoop}},
 booktitle = {ICDE},
 year = {2010},  
}

@misc{tia942:floorloads,
   key={{ANSI/TIA/EIA-942}},
   author={ANSI/TIA/EIA},
   institution={Telecommunications Industry Association},
   title={{TIA-942: Telecommunications Infrastructure Standard for Data Centers}},
   year={2005},
}

  @Comment pages     = {1351-1359},
@inproceedings{TianTR12,
  author    = {Yuanyuan Tian and
               Shirish Tatikonda and
               Berthold Reinwald},
  title     = {Scalable and Numerically Stable Descriptive Statistics in
               SystemML},
  booktitle = {ICDE},
  year      = {2012},
}


@inproceedings{TozunPKJA13,
 author = {T\"oz\"un, Pinar and 
  Pandis, Ippokratis and 
	Kaynak, Cansu and
	Jevdjic, Djordje and
  Ailamaki, Anastasia},
 title = {From {A} to {E}: Analyzing {TPC's OLTP} Benchmarks - The obsolete, the ubiquitous, the unexplored},
 booktitle = {EDBT},
 year = {2013},
}

@techreport{TozunPJA11,
 author      = {T\"oz\"un, Pinar and 
  Pandis, Ippokratis and 
  Johnson, Ryan and 
  Ailamaki, Anastasia},
 affiliation = {EPFL},
 institution = {EPFL},
 title       = {Scalable and Dynamically Balanced Shared-Everything {OLTP} with Physiological Partitioning},
 number      = {EPFL-REPORT-170525},
 unit        = {DIAS},
 year        = {2011},
}

@Comment publisher={Springer-Verlag},
@Comment pages={1-25},
@Comment doi={10.1007/s00778-012-0278-6},
@Comment issn={1066-8888},
@article{TozunPJA12,
 author      = {T\"oz\"un, Pinar and 
  Pandis, Ippokratis and 
  Johnson, Ryan and 
  Ailamaki, Anastasia},
 title={Scalable and dynamically balanced shared-everything {OLTP} with physiological partitioning},
 journal={The VLDB Journal},
 year={2012},
}


@inproceedings{TsirogiannisHS10,
 author = {Tsirogiannis, Dimitris and 
  Harizopoulos, Stavros and 
  Shah, Mehul A.},
 title = {Analyzing the energy efficiency of a database server},
 booktitle = {SIGMOD},
 year = {2010},
} 


 @Comment booktitle = {Proceedings of the Twenty-Fourth ACM Symposium on Operating Systems Principles},
 @Comment series = {SOSP '13},
 @Comment isbn = {978-1-4503-2388-8},
 @Comment location = {Farminton, Pennsylvania},
 @Comment pages = {18--32},
 @Comment numpages = {15},
 @Comment url = {http://doi.acm.org/10.1145/2517349.2522713},
 @Comment doi = {10.1145/2517349.2522713},
 @Comment acmid = {2522713},
 @Comment publisher = {ACM},
 @Comment address = {New York, NY, USA},
@inproceedings{TuZKLM13,
 author = {Tu, Stephen and Zheng, Wenting and Kohler, Eddie and Liskov, Barbara and Madden, Samuel},
 title = {Speedy Transactions in Multicore In-memory Databases},
 booktitle = {SOSP},
 year = {2013},
} 

 @Comment booktitle = {25 years of the international symposia on Computer architecture (selected papers)},
 @Comment series = {ISCA '98},
 @Comment isbn = {1-58113-058-9},
 @Comment location = {Barcelona, Spain},
 @Comment numpages = {12},
 @Comment doi = {10.1145/285930.286011},
 @Comment publisher = {ACM},
 @Comment address = {New York, NY, USA},
@inproceedings{TullsenEL98,
 author = {Tullsen, Dean M. and Eggers, Susan J. and Levy, Henry M.},
 title = {Simultaneous multithreading: maximizing on-chip parallelism},
 booktitle = {ISCA},
 year = {1998},
 pages = {533--544},
}


@article{Vahdat10,
  author    = {A. Vahdat and
               M. Al-Fares and
               N. Farrington and
               R. N. Mysore and
               G. Porter and
               S. Radhakrishnan},
  title     = {Scale-Out Networking in the Data Center},
  journal   = {IEEE Micro},
  volume    = {30},
  number    = {4},
  year      = {2010}
}


@inproceedings{Vangal+07,
 author={Vangal, Sriram and others},
 booktitle={IEEE ISSCC}, 
 title={An 80-Tile {1.28TFLOPS} Network-on-Chip in 65nm {CMOS}},
 year={2007},
}

 @Comment booktitle = {Proceedings of the fifteenth edition of ASPLOS on Architectural support for programming languages and operating systems},
 @Comment series = {ASPLOS '10},
 @Comment isbn = {978-1-60558-839-1},
 @Comment location = {Pittsburgh, Pennsylvania, USA},
 @Comment numpages = {14},
 @Comment doi = {10.1145/1736020.1736044},
 @Comment acmid = {1736044},
 @Comment publisher = {ACM},
 @Comment address = {New York, NY, USA},
@inproceedings{Venkatesh+10,
 author = {Venkatesh, Ganesh and 
  Sampson, Jack and 
  Goulding, Nathan and 
  Garcia, Saturnino and 
  Bryksin, Vladyslav and 
  Lugo-Martinez, Jose and 
  Swanson, Steven and 
  Taylor, Michael Bedford},
 title = {Conservation cores: reducing the energy of mature computations},
 booktitle = {ASPLOS},
 year = {2010},
 pages = {205--218},
} 


 @Comment booktitle = {Proceedings of the 15th International Conference on Extending Database Technology},
 @Comment series = {EDBT '12},
 @Comment isbn = {978-1-4503-0790-1},
 @Comment location = {Berlin, Germany},
 @Comment pages = {420--431},
 @Comment numpages = {12},
 @Comment url = {http://doi.acm.org/10.1145/2247596.2247646},
 @Comment doi = {10.1145/2247596.2247646},
 @Comment acmid = {2247646},
 @Comment publisher = {ACM},
 @Comment address = {New York, NY, USA},
@inproceedings{VernicaBBE12,
 author = {Vernica, Rares and Balmin, Andrey and Beyer, Kevin S. and Ercegovac, Vuk},
 title = {Adaptive {MapReduce} using situation-aware mappers},
 booktitle = {EDBT},
 year = {2012},
}

@article{Vogels09,
 author = {Vogels, Werner},
 title = {Eventually consistent},
 journal = {Commun. ACM},
 volume = {52},
 issue = {1},
 year = {2009},
 pages = {40--44},
} 


@misc{Vogels12,
 author={Vogels, Werner},
 title={Amazon {DynamoDB} - a Fast and Scalable {NoSQL} Database Service Designed for Internet Scale Applications},
 year={2012},
 note={See http://www.allthingsdistributed.com/2012/01/amazon-dynamodb.html},
}


  @Comment booktitle   = {{Proc. Intl. Conf. Transparent Optical Networks}},
@inproceedings{WangB12,
  author    = {H. Wang and
               K. Bergman},
  title     = {Optically interconnected data center
  architecture for bandwidth intensive energy efficient networking},
  booktitle   = {ICTON},
  year      = {2012}
}


@article{Weiser99,
 author = {Weiser, Mark},
 title = {The computer for the 21st century},
 journal = {SIGMOBILE Mob. Comput. Commun. Rev.},
 volume = {3},
 issue = {3},
 year = {1999},
} 

 @Comment booktitle = {Proceedings of the eighteenth ACM symposium on Operating systems principles},
 @Comment series = {SOSP '01},
 @Comment isbn = {1-58113-389-8},
 @Comment location = {Banff, Alberta, Canada},
 @Comment pages = {230--243},
 @Comment doi = {10.1145/502034.502057},
 @Comment publisher = {ACM},
 @Comment address = {New York, NY, USA},
@inproceedings{WelshCB01,
 author = {Welsh, Matt and Culler, David and Brewer, Eric},
 title = {{SEDA}: an architecture for well-conditioned, scalable internet services},
 booktitle = {SOSP},
 year = {2001},
}


 @Comment journal = {Proc. VLDB Endow.},
 @Comment issue_date = {August 2009},
 @Comment month = {August},
 @Comment issn = {2150-8097},
 @Comment pages = {385--394},
 @Comment numpages = {10},
 @Comment url = {http://dl.acm.org/citation.cfm?id=1687627.1687671},
 @Comment acmid = {1687671},
 @Comment publisher = {VLDB Endowment},
@article{Willhalm+09,
 author = {Willhalm, Thomas and 
  Popovici, Nicolae and 
  Boshmaf, Yazan and 
  Plattner, Hasso and 
  Zeier, Alexander and 
  Schaffner, Jan},
 title = {{SIMD}-scan: ultra fast in-memory table scan using on-chip vector processing units},
 journal = {PVLDB},
 volume = {2},
 issue = {1},
 year = {2009},
} 

@inproceedings{WilschutFA92,
 author = {Wilschut, Annita and 
  Flokstra, Jan and 
  Apers, Peter},
 title = {Parallelism in a Main-Memory {DBMS}: The performance of {PRISMA/DB}},
 booktitle = {VLDB},
 year = {1992},
}

   @Comment pages={181-197},
   @Comment doi={10.1147/rd.502.0181},
   @Comment ISSN={0018-8646},
@article{Wilcke06, 
   author={Wilcke, W. W. and Garner, R. B. and Fleiner, C. and Freitas, R. F. and Golding, R. A. and Glider, J. S. and Kenchammana-Hosekote, D. R. and Hafner, J. L. and Mohiuddin, K. M. and Rao, KK and Becker-Szendy, R. A. and Wong, T. M. and Zaki, O. A. and Hernandez, M. and Fernandez, K. R. and Huels, H. and Lenk, H. and Smolin, K. and Ries, M. and Goettert, C. and Picunko, T. and Rubin, B. J. and Kahn, H. and Loo, T.},
   journal={{IBM Journal of Research and Development}},
   title={{IBM Intelligent Bricks project---Petabytes and beyond}},
   year={2006},
   volume={50},
   number={2.3},
}

@article{Wilcke06-SHORT, 
   author={Wilcke, W. W. and others},
   journal={{IBM Journal of Research and Development}},
   title={{IBM Intelligent Bricks project---Petabytes and beyond}},
   year={2006},
   volume={50},
   number={2.3},
}


@Comment booktitle = {ISCA~'95: Proceedings of the 22nd annual international symposium on Computer architecture},
@Comment isbn = {0-89791-698-0},
@Comment pages = {24--36},
@Comment location = {S. Margherita Ligure, Italy},
@inproceedings{WooOTSG95,
 author = {Woo, Steven Cameron and 
  Ohara, Moriyoshi and 
  Torrie, Evan and 
  Singh, Jaswinder Pal and 
  Gupta, Anoop},
 title = {The {SPLASH-2} programs: characterization and methodological considerations},
 booktitle = {ISCA},
 year = {1995},
}

@inproceedings{WuM11,
 author = {Wu, Eugene and 
  Madden, Samuel},
 title = {Partitioning Techniques for Fine-grained Indexing},
 booktitle = {ICDE},
 year = {2011},
 pages = {1127 -1138}
}

@inproceedings{YanL94,
 author = {Weipeng Yan and Per-Ake Larson},
 title = {Performing {Group-By} before {Join}},
 booktitle = {ICDE},
 year = {1994},
 pages = {89--100}
}

  @Comment pages     = {198-207},
  @Comment ee        = {http://doi.ieeecomputersociety.org/10.1109/IISWC.2009.5306783},
@inproceedings{YooRK09,
  author    = {Richard M. Yoo and
               Anthony Romano and
               Christos Kozyrakis},
  title     = {Phoenix rebirth: Scalable {MapReduce} on a large-scale shared-memory
               system},
  booktitle = {IISWC},
  year      = {2009},
}

@techreport{YuBPDS14,
  title={Staring into the Abyss: An Evaluation of Concurrency Control with One Thousand Cores},
  author={Yu, Xiangyao and Bezerra, George and Pavlo, Andrew and Devadas, Srinivas and Stonebraker, Michael},
  year={2014},
  institution={MIT CSAIL}
}

  @Comment pages     = {491-500},
@inproceedings{ZhuRVL07,
  author    = {Huaiyu Zhu and
               Sriram Raghavan and
               Shivakumar Vaithyanathan and
               Alexander L{\"o}ser},
  title     = {Navigating the intranet with high precision},
  booktitle = {WWW},
  year      = {2007},
}


@Comment isbn={9780470770382},
@Comment lccn={2010045235},
@book{ZubulakeL11,
 author={Zubulake, Paul and Lee, Sang},
 title={The High Frequency Game Changer: How Automated Trading Strategies Have Revolutionized the Markets},
 series={Wiley Trading},
 year={2011},
 publisher={John Wiley \& Sons},
}

  @Comment pages     = {21-27},
  @Comment ee        = {http://sites.computer.org/debull/A12mar/vectorwise.pdf},
@article{ZukowskiB12,
  author    = {Marcin Zukowski and
               Peter A. Boncz},
  title     = {Vectorwise: Beyond Column Stores},
  journal   = {IEEE Data Eng. Bull.},
  volume    = {35},
  number    = {1},
  year      = {2012},
}

@misc{TPC,
 title={{TPC} Transcation Processing Performance Council},
 note={http://www.tpc.org/default.asp},
}

@misc{TATP,
 author={Neuvonen, Simo and 
  Wolski, Antoni and 
  Manner, Markku and 
  Raatikka, Vilho},
 title={Telecom Application Transaction Processing Benchmark ({TATP})},
 year={2009},
 note={See http://tatpbenchmark.sourceforge.net/},
}

@misc{TPCB,
 key={{TPC}},
 author={{TPC}},
 institution={Transaction Processing Performance Council ({TPC})},
 title={{TPC} Benchmark {B} Standard Specification, revision 2.0},
 year={1994},
 note={Available at http://www.tpc.org/tpcb},
}

@misc{TPCC,
 key={{TPC}},
 author={{TPC}},
 institution={Transaction Processing Performance Council ({TPC})},
 title={{TPC} Benchmark {C} ({OLTP}) Standard Specification, revision 5.11},
 year={2010},
 note={Available at http://www.tpc.org/tpcc},
}

@misc{TPCD,
 key={{TPC}},
 author={{TPC}},
 institution={Transaction Processing Performance Council ({TPC})},
 title={{TPC} Benchmark {D} ({OLTP}) Standard Specification, revision 2.1},
 year={1998},
 note={Available at http://www.tpc.org/tpcd},
}

@misc{TPCE,
 key={{TPC}},
 author={{TPC}},
 institution={Transaction Processing Performance Council ({TPC})},
 title={{TPC} Benchmark {E} Standard Specification, revision 1.12.0},
 year={2010},
 note={Available at http://www.tpc.org/tpce},
}

@misc{TPCH,
 key={{TPC}},
 author={{TPC}},
 institution={Transaction Processing Performance Council ({TPC})},
 title={{TPC} Benchmark {H} (Decision Support) Standard Specification, revision 2.14.3},
 year={2011},
 note={Available at http://www.tpc.org/tpch},
}

@misc{SAP,
 key={{SAP}},
 author={{SAP}},
 title={{SAP} Sales and Distribution Benchmark},
 year={2009},
 note={See http://www.sap.com/solutions/benchmark/sd.epx},
}

@misc{db2:manual,
 key={{IBM}},
 author={{IBM}},
 title={{IBM} {DB2} 9.5 Information Center for {L}inux, {UNIX}, and {W}indows},
 year={2011},
 note={Available at http://publib.boulder.ibm.com/infocenter/db2luw/v9r5/index.jsp},
 }

 @Comment year={2013},
@misc{db2:blu,
 key={{IBM}},
 author={{IBM}},
 title={{DB2} with {BLU} acceleration},
 note={Available at http://www-01.ibm.com/software/data/db2/linux-unix-windows/db2-blu-acceleration/},
 }

@misc{data:agriculture,
 key = {{CNBC}},
 author = {Kelly, Kate},
 title = {How Twitter Is Transforming Trading in Commodities},
 year = {2011},
 note = {Available at http://www.cnbc.com/id/41948275},
}


@article{social:uprising:guardian,
 author = {Beaumont, Peter},
 title = {The truth about {Twitter}, {Facebook} and the uprisings in the {Arab} world},
 journal = {The Guardian},
 year = {2011},
 note = {Available at http://www.guardian.co.uk/world/2011/feb/25/twitter-facebook-uprisings-arab-libya},
}

@misc{VTune,
 author={Intel},
 title={Intel {VTune Amplifier XE} Performance Profiler},
 note={Available at http://software.intel.com/en-us/articles/intel-vtune-amplifier-xe/},
}

@misc{Linden06,
 author = {Greg Linden},
 title = {Marissa {Mayer} at {Web} 2.0},
 year = {2006},
 note = {Available at: http://glinden.blogspot.com/2006/11/marissa-mayer-atweb-20.html},
}

@misc{DTrace,
 author={Cantrill, Bryan M. and others},
 title={DTrace},
 note={Available at http://dtrace.org},
}

@Comment The Slashdot effect
@misc{Adler05,
 author = {Stephen Adler},
 title = {The {Slashdot} Effect: An Analysis off Three Internet Publications},
 year = {2005},
 note = {Available at: http://hup.hu/old/stuff/slashdotted/SlashDotEffect.html},
}

@misc{cputrack,
 author={Oracle},
 title={cputrack},
 note={Available at http://docs.oracle.com/cd/E19683-01/816-0210/6m6nb7m6s/index.html},
}

@misc{intel:ssd:520,
 author = {Intel},
 title = {Intel Solid-State Drive 520 Series: Product Specification},
 year = {2012},
 note = {Available at http://www.intel.com/content/www/us/en/solid-state-drives/ssd-520-specification.html},
}

@manual{intel:Xeon7500:vol2,
   key = {Intel},
   author = {Intel},
   title = {Intel Xeon Processor 7500 Series Architecture: Datasheet, Volume 2}, 
   year = {2010},
   note = {Available at http://www.intel.com/Assets/PDF/datasheet/323341.pdf},
}

 @Comment issue_date = {June 2003},
 @Comment month = jun,
 @Comment issn = {1542-7730},
 @Comment pages = {8--17},
 @Comment numpages = {10},
 @Comment url = {http://doi.acm.org/10.1145/864056.864078},
 @Comment doi = {10.1145/864056.864078},
 @Comment acmid = {864078},
 @Comment address = {New York, NY, USA},
 @Comment publisher = {ACM},
@article{CJG03,
 title = {A Conversation with {Jim Gray}},
 journal = {ACM Queue},
 volume = {1},
 number = {4},
 year = {2003},
}


@misc{google:sparsehash,
 author = {Google},
 title = {Sparsehash 2.0.2},
 year = {2012},
 note = {Available at https://code.google.com/p/sparsehash/},
}

@misc{google:densehash,
 author = {Google},
 title = {Dense hash map},
 year = {2012},
 note = {Available at http://goog-sparsehash.sourceforge.net/doc/dense\_hash\_map.html}, 
}


@misc{oracle:async-commit,
 author={Oracle},
 title={Asynchronous Commit: {O}racle Database Advanced Application Developer's Guide},
 year={2005},
 note={Retrieved from http://download.oracle.com/docs/cd/B19306\_01/appdev. 102/b14251/adfns\_sqlproc.htm},
}

@misc{oracle:rac,
 author={Oracle},
 title={Oracle Real Application Clusters},
 note={Available at http://www.oracle.com/technetwork/database/clustering/overview}
}

@misc{pgsql:async-commit,
 author={PostgreSQL},
 title={Postgre{SQL} 9.0.3 Documentation: Asynchronous Commit},
 year={2010},
 note={Available at http://www.postgresql.org/docs/9.0/static/wal-async-commit.html},
}

@misc{pgsql:logging-impl,
 author={PostgreSQL},
 title={Postgre{SQL} Archives: literature on write-ahead logging},
 year={2011},
 note={Available at http://archives.postgresql.org/pgsql-hackers/2011-06/msg00701.php},
}

@misc{sqlserver:grace,
 author={Microsoft},
 title={Understanding hash joins},
 note={Available at http://technet.microsoft.com/en-us/library/aa178403.aspx},
}
