@article{Hekaton,
 author = {Larson, Per-\AAke and Blanas, Spyros and Diaconu, Cristian and Freedman, Craig and Patel, Jignesh M. and Zwilling, Mike},
 title = {High-performance Concurrency Control Mechanisms for Main-memory Databases},
 journal = {PVLDB},
 year = {2011},
 pages = {298--309},
}

@inproceedings{Silo,
 author = {Tu, Stephen and Zheng, Wenting and Kohler, Eddie and Liskov, Barbara and Madden, Samuel},
 title = {Speedy Transactions in Multicore In-memory Databases},
 booktitle = {Proceedings of the Twenty-Fourth ACM Symposium on Operating Systems Principles},
 series = {SOSP '13},
 year = {2013},
 isbn = {978-1-4503-2388-8},
 location = {Farminton, Pennsylvania},
 pages = {18--32},
 numpages = {15},
 url = {http://doi.acm.org/10.1145/2517349.2522713},
 doi = {10.1145/2517349.2522713},
 acmid = {2522713},
 publisher = {ACM},
 address = {New York, NY, USA},
}

@article{TPC-Compare,
 author = {Chen, Shimin and Ailamaki, Anastasia and Athanassoulis, Manos and Gibbons, Phillip B. and Johnson, Ryan and Pandis, Ippokratis and Stoica, Radu},
 title = {{TPC-E vs. TPC-C}: Characterizing the New {TPC-E} Benchmark via an {I/O} Comparison Study},
 journal = {SIGMOD Record},
 year = {2011},
 pages = {5--10},
}

@misc{TPC-E,
 author = {{Transaction Processing Performance Council}},
 title = {The {TPC-E} benchmark},
 journal = {http://www.tpc.org/tpce},
 month = {August},
 year = {2014},
}

@article{HStore,
 author = {Kallman, Robert and Kimura, Hideaki and Natkins, Jonathan and Pavlo, Andrew and Rasin, Alexander and Zdonik, Stanley and Jones, Evan P. C. and Madden, Samuel and Stonebraker, Michael and Zhang, Yang and Hugg, John and Abadi, Daniel J.},
 title = {{H}-{S}tore: a High-Performance, Distributed Main Memory Transaction Processing System},
 journal = {PVLDB},
 year = {2008},
 pages = {1496--1499},
}

@inproceedings{Hyper,
 author = {Kemper, Alfons and Neumann, Thomas},
 title = {{HyPer}: A Hybrid {OLTP}\&{OLAP} Main Memory Database System Based on Virtual Memory Snapshots},
 booktitle = {Proceedings of the 2011 {IEEE} 27th International Conference on Data Engineering},
 series = {ICDE '11},
 year = {2011},
 isbn = {978-1-4244-8959-6},
 pages = {195--206},
 numpages = {12},
 url = {http://dx.doi.org/10.1109/ICDE.2011.5767867},
 doi = {10.1109/ICDE.2011.5767867},
 acmid = {2005619},
 publisher = {IEEE Computer Society},
 address = {Washington, DC, USA},
} 
@article{AetherJournal,
 author = {Johnson, Ryan and Pandis, Ippokratis and Stoica, Radu and Athanassoulis, Manos and Ailamaki, Anastasia},
 title = {Scalability of write-ahead logging on multicore and multisocket hardware},
 journal = {VLDBJ},
 year = {2012},
 pages={239-263},
}

@article{SSI,
 author = {Cahill, Michael J. and R\"{o}hm, Uwe and Fekete, Alan D.},
 title = {Serializable Isolation for Snapshot Databases},
 journal = {SIGMOD},
 year = {2008},
 pages = {729--738},
}

@techreport{CCAbyss,
  title={Staring into the Abyss: An Evaluation of Concurrency Control with One Thousand Cores},
  author={Yu, Xiangyao and Bezerra, George and Pavlo, Andrew and Devadas, Srinivas and Stonebraker, Michael},
  year={2014},
  institution={MIT CSAIL}
}

@article{ScalableSSI,
author={Hyuck Han and SeongJae Park and Hyungsoo Jung and Fekete, A and Rohm, U. and Yeom, H.Y.},
journal={ICDE},
title={Scalable serializable snapshot isolation for multicore systems},
year={2014},
pages={700-711},
}

@article{LogicBlox,
author={{LogicBlox}},
title={http://www.logicblox.com/},
year={2014},
}

@inproceedings{frt91,
 author = {Franaszek, Peter A. and Robinson, John T. and Thomasian, Alexander},
 title = {Wait Depth Limited Concurrency Control},
 booktitle = {Proc. of the Seventh International Conference on Data Engineering},
 year = {1991},
 isbn = {0-8186-2138-9},
 pages = {92--101},
 numpages = {10},
 url = {http://dl.acm.org/citation.cfm?id=645476.654470},
 acmid = {654470},
 publisher = {IEEE Computer Society},
 address = {Washington, DC, USA},
} 